2616 3826
207 273 252 340 28
390 249 932 326 animumanimumum

206 442 236 496 iu
267 437 394 512 quodam
413 438 571 494 rationabili
597 445 626 493 et
654 437 780 507 pertento
803 453 919 492 nurnero
943 436 1114 507 praescitam

207 539 268 581 esse
285 541 302 580 a
318 525 391 594 Deo,
412 523 452 579 ite
469 530 500 578 ut
515 541 567 580 nec
584 523 713 579 maiorem
730 540 783 578 nec
802 524 934 578 minorem
952 521 1031 576 illum
1049 537 1111 576 esse

135 635 137 638 ·
173 609 317 675 Maneat,
343 625 400 664 non
427 615 468 664 est
494 608 687 665 dubitandum
730 608 791 662 Aut
815 607 888 662 enim
910 607 999 662 noscit
1023 606 1111 682 Deus,

166 726 169 734 »
206 693 309 763 inquo
329 709 444 748 numero
469 693 567 748 melius
592 708 653 747 eum
676 692 776 748 deceat
793 692 938 748 constitui:
966 694 1042 763 quod
1058 691 1113 746 ful·

206 795 268 832 sum
292 784 348 847 est3
378 784 428 833 aut
451 778 476 832 si
502 776 568 846 scit,
592 777 621 831 in
638 778 766 834 ccillam
785 779 947 848 constituet,
973 776 1112 849 quemad

172 865 259 919 bhoc
282 863 466 920 decentiorem
489 861 635 933 intelliget.
679 863 855 935 Quapropter
877 869 927 918 aut
951 862 1045 934 angeli
1068 861 1113 917 illi

207 949 256 1020 qui
272 948 446 1015 ceciderunt,
463 945 531 1000 facti
550 953 629 1001 mant
646 949 683 1002 ad
702 948 763 1018 hoc,
778 955 811 1004 ut
827 955 919 1004 essent
938 947 1012 1002 intra
1030 947 1110 1002 illurn

206 1049 367 1103 numerum
399 1036 447 1086 aut
474 1031 541 1101 quia
566 1039 645 1088 extra
674 1034 752 1088 illum
778 1050 923 1089 numerum
948 1047 1111 1104 permanere

206 1133 262 1174 non
286 1121 450 1190 potueruut,
475 1133 509 1172 ex
534 1119 698 1175 necessitate
721 1118 895 1174 oeciderunt:
924 1118 999 1190 quod
1014 1117 1112 1172 absur-

208 1205 334 1260 domest
358 1201 475 1271 opinari.
510 1203 579 1260 Bor.
614 1202 725 1259 Veritas
748 1209 791 1258 est
812 1207 911 1273 aperta
932 1202 1009 1274 quod
1032 1201 1109 1260 dicis.

173 1298 187 1346 'l
206 1290 276 1344 Ans.
305 1285 443 1352 Quoniam
459 1305 526 1360 ergo
546 1289 581 1344 de
599 1288 647 1343 illo
665 1305 779 1343 numero
799 1304 860 1344 esse
879 1288 1043 1357 debuerunt,
1060 1292 1111 1344 aut

206 1370 402 1429 restaurandus
421 1378 515 1427 estex
540 1373 704 1428 necessitato
728 1391 859 1428 numerus
882 1391 993 1444 eorum,
1014 1373 1110 1430 autin

205 1458 366 1529 imperfecto
393 1473 508 1512 numero
537 1459 692 1513 remanebit
720 1458 863 1514 rationalis
892 1465 1007 1527 natura,
1038 1475 1111 1530 quse

205 1544 235 1598 in
262 1560 376 1598 numero
400 1541 523 1612 perfecto
550 1544 689 1613 praescita
716 1551 772 1614 est;
797 1545 872 1615 quod
896 1559 963 1598 esse
974 1559 1031 1598 non
1049 1546 1110 1612 pnt-

171 1635 255 1691 sest
290 1630 358 1682 Bor.
375 1627 563 1684 Restaurandi
579 1628 677 1700 procul
695 1628 780 1684 dubio
801 1634 872 1684 sunt
900 1629 969 1686 Am.
987 1629 1118 1686 Necesse.

206 1721 249 1772 est
266 1731 346 1785 ergo,
371 1731 417 1770 eos
441 1713 476 1769 de
496 1713 619 1770 humana
637 1720 751 1784 natura,
769 1715 902 1786 quonium
920 1732 977 1770 uon
993 1719 1037 1768 est
1053 1713 1111 1770 sliu

206 1799 241 1854 de
258 1815 314 1870 qna
331 1801 439 1870 possint
455 1800 610 1856 restaurari.

173 1986 185 2036 1
283 1937 354 2022 Π·
401 1974 471 2026 Bor.
507 1970 564 2024 Cur
589 1988 643 2026 uon
668 1971 723 2040 ipsi
742 1970 859 2035 autulii
875 1939 969 2040 angeli
986 1985 1038 2038 pro
1054 1969 1109 2024 illis

204 2062 322 2126 possunt
346 2055 474 2112 restitui?
509 2057 580 2109 Ans.
615 2055 686 2108 Cum
711 2054 819 2109 videbis
844 2060 956 2110 nostrae
972 2059 1109 2110 remems-

204 2140 287 2196 tionis
309 2139 516 2209 difficultatem,
541 2137 674 2210 intelligis
699 2153 793 2192 eorum
810 2137 1040 2192 reconciliationis
1058 2136 1109 2192 im·

170 2225 422 2296 2'possibilitatem
457 2225 515 2279 Alii
537 2230 631 2280 autem
653 2223 747 2294 angeli
770 2241 822 2294 pro
848 2224 903 2278 illis
925 2221 1034 2276 restitui
1052 2239 1110 2278 non

203 2317 324 2382 possunt
340 2309 411 2379 ideo,
431 2310 474 2380 (ut
491 2319 597 2366 taceam
618 2309 755 2380 quomodo
772 2310 825 2366 hoc
842 2324 1000 2381 repugnare
1016 2307 1109 2365 videa-

203 2402 249 2450 tur
266 2395 372 2466 primm
390 2397 536 2452 creationis
553 2395 729 2468 perfectioni)
755 2397 821 2467 quia
842 2413 899 2450 non
917 2393 1032 2464 debent,
1055 2393 1110 2450 nisi

203 2480 277 2536 tulss
294 2497 354 2536 esse
370 2483 489 2552 possint,
516 2482 613 2552 quales
631 2480 673 2536 illi
690 2480 808 2535 fuissent
824 2479 848 2534 si
864 2497 920 2535 non
937 2486 1110 2550 peccassent,

204 2584 268 2622 cum
285 2567 325 2622 illi
344 2567 423 2621 nulls
440 2567 500 2620 visa
519 2565 642 2620 vindicta
656 2567 765 2636 peccati
777 2571 1013 2636 perseverassent3
1032 2564 1110 2637 quod
1144 2555 1145 2558 ¹

203 2659 268 2723 post
286 2652 395 2707 illorum
415 2668 511 2706 casum
528 2651 591 2704 aliis
608 2653 657 2722 qui
680 2669 731 2722 pro
748 2651 804 2706 illis
820 2651 1043 2721 restituerentur,
1067 2667 1109 2706 es·

170 2739 247 2791 sset
273 2735 451 2807 impossibile.
495 2735 559 2791 Non
581 2736 654 2790 euim
679 2737 784 2806 pariter
804 2737 958 2793 laudabiles
982 2743 1060 2806 suut,
1084 2735 1109 2790 si

195 2827 280 2878 'stunt
303 2823 333 2876 in
354 2821 483 2891 veritate,
510 2828 538 2877 et
559 2821 608 2893 qui
629 2822 735 2876 nullam
757 2821 837 2876 novit
857 2822 965 2893 pcccati
989 2837 1109 2894 poenum

205 2908 299 2978 etqui
317 2925 379 2962 eam
402 2925 511 2978 semper
534 2909 636 2978 aspicit
655 2914 805 2962 aeternam.
842 2907 914 2963 Nam
932 2923 1108 2979 nequaquam

204 2992 360 3065 putandum
378 2999 420 3049 est
440 2993 527 3048 bonos
550 2994 664 3066 angelos
690 3010 750 3048 esse
772 2992 947 3048 confirmatos
966 3010 1033 3048 casu
1052 3008 1109 3046 ma-

169 3077 302 3147 llonum,
320 3079 369 3133 sed
388 3095 438 3134 suo
458 3080 566 3137 merito.
604 3077 681 3148 Sicut
705 3095 825 3150 namque
842 3079 866 3133 si
884 3079 951 3136 boni
971 3095 1034 3134 cum
1050 3094 1108 3132 ma-

203 3160 238 3216 lis
255 3169 435 3235 peccassent,
461 3165 543 3219 simul
563 3162 688 3221 damnati
705 3170 810 3228 essent,
829 3163 869 3220 ita
886 3165 982 3218 iniusti
1001 3163 1026 3216 si
1044 3179 1108 3220 cum

204 3239 284 3303 iustis
306 3251 459 3317 stetissent,
481 3241 585 3318 pariter
608 3243 762 3305 confirmati
782 3246 908 3305 fumsent.
948 3247 1060 3320 Quippe
1083 3249 1109 3306 si

204 3333 292 3406 aliqui
314 3351 409 3391 eorum
431 3348 487 3386 ιιοιι
509 3331 564 3384 uisi
587 3346 655 3388 casu
676 3335 794 3392 oliorum
817 3335 999 3390 confirmandi
1021 3343 1108 3408 erunt,
