2616 3826
355 315 431 376 (ΜΒ
448 317 549 376 Dfflfl
565 315 683 374 ΗΟΜΟ.
718 315 756 373 n.
780 321 876 374 wit.
1043 317 1085 384 ’Π

257 559 327 644 15.
375 589 442 646 Bos.
461 589 507 644 Ita
523 605 583 645 esse
601 590 636 646 de
653 589 780 646 omm'bas
795 590 918 662 pascatis
936 604 1007 663 qnae
1022 605 1083 662 per·
1102 598 1114 649 1

180 693 276 732 sonam
294 675 350 732 Dei
367 693 423 732 non
440 679 571 746 tang-unt,
593 670 708 731 constat.
745 675 800 732 Sed
819 691 894 730 nane
910 675 990 732 video
1007 675 1084 731 aliud

179 762 375 834 quaerendum.
409 761 482 817 Nam
512 760 536 814 si
569 765 627 815 tam
655 761 759 816 malam
791 767 834 816 eet
860 777 924 816 eam
951 759 1084 830 occidere,
1157 811 1159 816 .

179 862 263 920 quam
279 847 354 902 bena
369 851 413 902 est
431 845 489 900 rita
507 845 578 915 eius3
607 846 745 916 quomodo
762 851 854 917 potest
870 863 943 900 mors
961 845 1021 901 eius
1038 860 1083 901 su-

178 948 277 1005 perare
300 935 330 988 et
352 931 585 1001 delereapeooata
608 947 716 1002 eorum,
746 931 794 1004 qui
818 947 881 988 eum
905 929 1090 988 oecideruntt·

178 1017 239 1072 Aut
265 1017 289 1071 si
313 1017 429 1072 alieuius
461 1030 556 1072 eorum
582 1021 728 1090 peceatum
753 1016 841 1086 delet,
874 1017 1012 1088 quomodo
1028 1023 1117 1074 nont

178 1107 272 1173 potest
293 1101 410 1157 aliorum
433 1117 544 1172 qnoque
567 1100 709 1158 hominum
732 1102 846 1174 aliquod
869 1102 980 1158 delere?
1018 1101 1084 1158 Cre·

179 1187 271 1242 dimus
296 1187 383 1256 enim,
407 1185 472 1259 quit
492 1193 520 1242 et
541 1187 620 1242 multi
638 1203 672 1243 ex
688 1187 743 1242 iliis
761 1187 860 1242 salvati
878 1194 943 1242 sunt
960 1191 989 1244 et
1005 1188 1084 1242 innu-

179 1272 326 1328 merabiles
345 1271 393 1327 alii
416 1272 648 1329 non'salvantar.
684 1274 754 1327 Aee.
789 1272 871 1328 Hane
895 1271 1118 1345 quaestionema

178 1360 261 1416 solvit
280 1359 434 1430 apostolus.
459 1358 508 1430 qui
531 1357 614 1428 dixit,
641 1357 707 1430 quia
730 1359 759 1412 ai
785 1360 989 1429 commisceat,
1015 1375 1083 1412 aaa·

179 1463 263 1516 quom
287 1446 439 1500 Dominmn
462 1445 573 1513 oleatae
596 1445 803 1512 maosfioiaaent.
812 1447 834 1510 ¹)
871 1444 993 1500 Tantum
1006 1455 1120 1507 nem-4

179 1548 235 1602 que
269 1530 401 1586 differunt
425 1528 544 1585 scienter
571 1529 677 1586 iactum
705 1535 852 1600 peecatum
880 1535 908 1586 et
934 1530 1010 1603 quod
1035 1545 1085 1600 per

177 1614 364 1686 ignorantiam
387 1613 432 1679 fit,
457 1621 490 1669 nt
515 1615 619 1670 malum
643 1615 718 1684 quod
738 1630 881 1686 nunquam
903 1615 995 1670 iacere
1022 1631 1086 1686 pos-

139 1758 145 1771 ,
179 1703 242 1754 sent
258 1713 310 1769 pro
325 1698 467 1753 nimietate
484 1715 536 1752 sua
554 1699 578 1751 si
596 1703 816 1768 cognosceretur,
830 1699 940 1755 reniale
957 1700 1001 1768 sit,
1019 1698 1086 1770 quia

178 1784 340 1856 ignoranter
370 1783 477 1837 faotnm
506 1787 554 1838 est
604 1782 696 1837 Deum
729 1783 802 1837 enim
835 1783 962 1839 occidere
990 1783 1121 1839 nullust
1227 1821 1230 1834 .

179 1870 261 1924 homo
280 1881 404 1938 unquam
428 1866 547 1922 soienter
563 1867 661 1922 saitem
679 1867 750 1923 velie
770 1873 880 1939 posset;
906 1875 935 1924 at
955 1867 1018 1925 ideo
1037 1870 1085 1942 qui

178 1955 258 2010 ilium
288 1953 449 2009 oeciderunt
476 1951 678 2024 ignoranter,²)
713 1971 769 2009 non
796 1953 825 2009 in
851 1953 922 2009 illud
947 1953 1086 2010 infinitum

177 2047 333 2113 peceatum,
349 2039 396 2094 eui
413 2038 491 2093 nulla
508 2037 564 2094 alia
581 2039 735 2109 comparari
750 2046 868 2110 potsunt
879 2048 1004 2111 peooata,
1022 2057 1086 2112 pro·

177 2130 301 2182 merant.
345 2123 418 2182 Nam
443 2141 499 2179 non
523 2123 756 2180 consideravimus
783 2125 841 2182 eius
863 2126 1121 2198 magnitudinemii

162 2212 216 2265 ad
232 2209 399 2280 videndam,
418 2225 502 2282 qnam
519 2209 593 2265 bona
611 2215 684 2267 esset
700 2212 758 2267 vite
777 2209 842 2278 illa,'
866 2213 1019 2268 seeundum
1033 2212 1086 2267 hoo

180 2295 255 2365 qnod
280 2296 442 2368 ignoranter
467 2295 573 2350 factam
596 2301 651 2364 est,
682 2297 731 2352 sed
757 2297 836 2367 quasi
860 2295 979 2352 scienter
999 2293 1085 2365 fieret,

181 2379 255 2450 qnod
273 2395 325 2436 neo
343 2395 467 2452 unquam
488 2381 557 2437 feeit
580 2381 680 2453 aliquis
702 2397 755 2436 neo
769 2382 864 2442 iacere
882 2381 982 2450 potuit.
1017 2382 1085 2436 Bos.
1103 2387 1118 2435 '1

179 2463 390 2522 RatIonabiiiter
423 2467 612 2522 interemtores
640 2467 743 2522 Christi
773 2467 809 2520 ad
836 2466 949 2521 ¹veniam
967 2466 1086 2538 ‘peceati

181 2549 224 2604 sni
241 2550 401 2622 pertingere
416 2553 540 2624 potuisse
558 2551 726 2608 monstrasti.
754 2552 823 2606 Ans,
840 2549 915 2616 Quid
934 2551 990 2606 iarn
1002 2557 1119 2622 quae-8

180 2635 219 2690 ris
236 2633 374 2706 mplius?
408 2637 483 2692 Eoos
501 2635 557 2690 iam
574 2637 669 2708 vides,
695 2637 832 2710 quomodo
849 2635 1022 2692 rationabilis
1039 2651 1086 2693 ne·

61 2743 66 2756 ·
181 2721 294 2777 cessitas
321 2723 501 2778 ostentator
520 2720 677 2778 hominibus
698 2721 896 2794 perficiendam
915 2735 974 2778 esse
992 2731 1091 2794 sapor«¹

180 2821 247 2862 nam
264 2807 417 2877 civitatem,
436 2819 493 2864 ‘neo
515 2808 569 2863 hoo
584 2825 666 2879 posse
683 2806 744 2863 fieri
760 2807 814 2862 nisi
831 2824 883 2880 per
899 2807 1085 2864 remissionem

180 2897 372 2964 paratorum,
400 2909 483 2964 quam
505 2894 588 2950 homo
606 2893 700 2948 nullus
718 2893 823 2949 habere
843 2897 936 2964 potest
957 2893 1012 2948 nisi
1035 2907 1087 2963 per

179 2978 330 3048 hominem,
355 2977 403 3048 qni
428 2978 503 3036 idem
525 2979 585 3050 ipse
605 2977 642 3034 sit
659 2979 738 3034 Deus
761 2985 846 3050 atque
863 2983 1020 3034 mamerto
1038 2977 1086 3032 ho·

179 3065 267 3120 mines
286 3069 444 3134 pecoatores
462 3064 525 3120 Deo
549 3063 717 3121 reconciliet.
756 3065 861 3135 Aperte
878 3063 965 3136 igitur
982 3055 1122 3118 inveni-9

249 3255 277 3390 ἐξ
295 3251 404 3392 {roffi
423 3257 496 3394 {ipses
516 3295 621 3383 αὐτοῖς’Ι
637 3319 676 3375 οὐ
695 3318 764 3412 γᾶς
782 3321 906 3374 oiim
922 3318 1079 3374 rt'rrosoius

179 3387 249 3446 Luc.
268 3396 310 3460 2³,
331 3397 372 3448 34.
392 3420 426 3432 -
443 3391 508 3446 Act
527 3395 551 3461 3,
572 3395 618 3446 17:
636 3388 725 3445 aurai
746 3402 901 3462 sysaram
