2616 3826
344 285 422 344 cult
439 285 541 346 DEUS
560 283 678 342 Homo.
713 283 901 344 11.1ab.1r.
1031 285 1090 354 '19'

167 463 195 512 at
214 459 256 526 (ut
273 455 328 512 dici
345 457 425 525 solet)
445 457 554 528 quaeris
573 456 677 513 nodum
701 455 731 509 in
755 455 855 526 scirpo.
865 457 885 521 ¹)
921 456 990 517 Bos.
1018 452 1072 512 ,An
1090 452 1123 506 26

158 559 196 598 ,es
214 539 330 610 oblitus,
355 541 426 612 quid
444 541 592 599 obiecerim
620 538 842 596 excusationibus
866 539 923 594 tuis
944 538 975 594 in
990 537 1073 595 huius

168 625 365 697 disputationis
392 633 504 683 nostrae
532 625 685 700 principio,
726 624 793 698 quia
832 624 963 680 videlicet
999 624 1073 696 quod

159 711 345 786 postulabam
370 729 426 767 non
450 711 558 768 faceres
582 711 684 780 doctis,
712 711 762 766 sed
781 711 848 766 mihi
868 716 897 767 et
913 708 966 765 hoc
983 709 1074 782 ipsum

165 813 274 852 mecum
296 797 476 868 petentibus?
513 795 625 852 Sustine
647 797 747 868 igitur,
771 800 803 851 ut
825 813 876 867 pro
896 795 1028 852 tarditate
1047 803 1075 866 et
1092 800 1124 850 27

165 879 335 938 hebetudine
367 883 454 938 nostri
482 883 587 955 ingenii
613 897 759 955 quaeram,
788 887 926 951 quatenus
953 882 1021 938 mihi
1047 890 1075 939 et

165 969 222 1024 illis
250 969 333 1026 etiam
360 969 389 1027 in
413 968 567 1039 puerilibus
593 965 815 1039 quaestionibus,
843 965 915 1022 sicut
936 967 1074 1040 incepisti,
1141 1039 1147 1050 Ι

165 1053 331 1110 satisfacias.

243 1187 322 1278 170¹
365 1226 435 1280 Ans.
454 1223 515 1278 lam
530 1213 659 1292 didimus,
676 1221 742 1294 quia
754 1221 833 1277 Deus
845 1221 994 1294 improprie
1006 1224 1073 1279 dici·
1093 1219 1105 1270 1

165 1315 211 1364 tur
238 1308 345 1380 aliquid
371 1327 428 1364 non
455 1326 537 1380 posse
565 1316 614 1364 aut
640 1308 805 1364 necessitate
831 1308 931 1365 facere.
976 1309 1073 1366 Omnis

166 1395 271 1466 quippe
297 1396 448 1451 necessitas
473 1401 501 1450 et
525 1394 732 1466 impossibilitas
756 1395 815 1449 eius
834 1395 960 1450 subiacet
977 1396 1073 1452 volun-

165 1478 227 1534 tati.
260 1479 340 1535 Illius
358 1485 451 1538 autem
472 1481 600 1536 voluntas
617 1480 687 1536 nulli
704 1480 832 1536 subditur
849 1481 1008 1538 necessitati
1025 1487 1075 1538 aut

164 1563 392 1634 impossibilitati.
427 1565 505 1623 Nihil
524 1567 598 1620 enim
616 1573 659 1621 est
677 1566 864 1622 necessarium
882 1573 931 1622 aut
949 1567 1074 1639 impossi·
1090 1565 1125 1615 2·

167 1647 236 1718 bilo,
261 1650 315 1706 nisi
336 1650 402 1722 quia
419 1652 480 1722 ipse
500 1651 541 1705 ita
556 1651 630 1719 vult;
653 1650 745 1722 ipsum
766 1667 832 1706 vero
856 1654 906 1705 aut
927 1651 1000 1706 velle
1023 1639 1074 1706 ant

166 1733 241 1790 nolle
265 1735 373 1807 aliquid
395 1741 509 1806 propter
533 1733 728 1790 necessitatem
747 1741 796 1789 aut
814 1734 1073 1806 impossibilitatem,

165 1818 288 1875 alienum
314 1826 357 1876 est
382 1836 401 1874 a
425 1820 550 1876 veritate.
587 1817 697 1888 Quare,
726 1818 857 1892 quoniam
884 1821 976 1876 omnia
1001 1822 1105 1893 quaet

165 1905 227 1960 vult
244 1911 272 1960 et
289 1922 347 1961 non
365 1904 419 1960 nisi
436 1921 508 1978 quac
526 1905 598 1971 vult,
622 1904 707 1974 facit,
734 1905 806 1960 sicut
825 1906 904 1962 nulla
922 1907 1072 1964 necessitas

166 1991 225 2045 sive
241 1989 451 2061 impossibilitas
466 1989 610 2063 praecedit
628 1989 687 2045 eiua
705 1991 777 2046 velle
796 1997 845 2048 nut
862 1992 944 2062 nolle,
964 1992 1005 2058 ita
1019 2010 1072 2048 nec

166 2075 226 2130 eius
242 2075 336 2132 facere
353 2082 403 2132 aut
419 2093 475 2132 non
491 2075 598 2146 fasne,
624 2077 750 2148 quamvis
778 2077 868 2134 multa
891 2077 959 2133 velit
975 2079 1071 2136 immu-

164 2163 288 2218 tabiliter
314 2170 342 2218 et
367 2163 461 2218 faciet.
504 2161 542 2217 Et
567 2161 641 2216 sicut
668 2178 732 2216 cum
757 2161 836 2218 Deus
862 2163 931 2218 facit
957 2158 1107 2236 aliquidt

164 2254 314 2320 postquam
334 2248 440 2304 factm
459 2245 521 2314 ¹est,
545 2247 601 2302 inm
619 2264 676 2302 non
700 2255 793 2319 potest
816 2267 872 2306 non
889 2266 949 2304 csse
967 2249 1073 2304 factum

166 2333 215 2386 sed
243 2350 352 2404 semper
379 2349 477 2388 verum
503 2335 546 2386 est
570 2332 674 2388 factum
701 2352 776 2405 esse,
800 2351 852 2390 nec
879 2339 973 2390 tamen
999 2341 1073 2390 recte

166 2417 269 2472 dicitur
288 2416 458 2489 impossibile
475 2414 538 2470 Deo
556 2433 625 2488 esse,
643 2426 675 2474 ut
694 2407 781 2476 faciat
799 2419 874 2490 quod
892 2419 1073 2489 praeteritum

166 2509 208 2560 est
231 2520 288 2558 non
311 2519 372 2558 csse
396 2500 590 2572 praeteritum
613 2501 683 2557 nihil
709 2503 782 2559 enim
804 2503 844 2559 ibi
869 2510 999 2574 operatur
1024 2521 1072 2560 ne-

165 2585 281 2640 cessitas
311 2603 367 2640 non
395 2585 518 2642 faciendi
546 2593 595 2640 aut
620 2587 828 2660 impossibilitas
859 2589 992 2660 faciendi,
1022 2590 1072 2646 sed

165 2667 221 2724 Dei
239 2671 298 2726 sola
316 2672 458 2742 voluntas,
483 2671 532 2743 qui
556 2671 701 2728 veritatem
724 2690 831 2746 semper
853 2675 930 2746 (qnia
947 2675 1007 2747 ipse
1026 2693 1071 2732 ve-

164 2755 233 2812 ritas
251 2759 303 2826 eat)
323 2757 539 2828 immutabilem,
560 2758 632 2814 sicut
649 2765 704 2829 ost,
721 2777 781 2816 esse
798 2759 865 2835 vult.
904 2759 949 2814 lta
967 2760 991 2813 si
1008 2762 1104 2830 pro-5

164 2842 246 2923 ponit
265 2859 297 2897 sc
315 2843 423 2914 aliquid
447 2843 657 2900 immutabiliter
676 2847 828 2916 facturum,
853 2844 978 2916 quamvis
996 2845 1072 2916 quod

164 2929 297 3000 proponit
324 2936 473 3001 antequam
500 2929 550 2986 fiat
575 2947 632 2986 non
655 2929 745 3000 possit
769 2948 825 2986 non
849 2947 909 2986 esse
938 2930 1070 2997 futurum,

164 3031 222 3068 non
244 3020 338 3070 tamen
366 3016 424 3072 ulla
453 3022 494 3071 cst
519 3017 549 3071 in
578 3032 611 3072 eo
637 3015 759 3070 faciendi
781 3016 931 3072 necessitas
949 3021 1070 3070 autnon

163 3097 286 3156 faciendi
310 3099 534 3172 impossibilitas,
558 3100 624 3172 quia
647 3101 706 3156 sola
724 3108 854 3172 operatur
875 3101 905 3155 in
924 3117 958 3156 ea
974 3100 1070 3154 volun·
1137 3164 1141 3168 ¹

130 3331 134 3340 ,
235 3273 261 3338 1)
287 3271 330 3326 Ex
358 3273 484 3327 Terentii
509 3273 619 3326 Andria
644 3276 696 3327 act
723 3279 795 3328 tsc.
818 3277 834 3326 t
857 3289 884 3324 v.
911 3275 943 3324 39
971 3269 1069 3324 sumsit

163 3337 217 3395 hoc
234 3341 413 3410 proverbium
431 3341 458 3399 S.
477 3341 634 3398 Anselmus.
