2616 3826
222 268 265 334 46
402 264 429 320 s.
449 263 620 320 tueatur
636 261 941 322 esurummusu

222 437 292 504 Deo,
318 433 456 506 quidquid
481 433 517 490 de
543 432 665 488 humana
688 439 789 488 natura
812 435 905 490 faeere
923 433 1126 504 proposuerat?

189 522 291 576 sssos.
325 519 390 575 Nou
414 525 507 590 potest
531 519 637 591 negari.
672 519 739 573 Ans.
774 518 892 574 Intende
916 519 946 572 iu
972 518 1127 574 districtam

223 603 370 676 iustitiam
400 611 428 660 et
453 605 547 660 iudica
568 605 720 659 seeundum
744 605 835 673 illam,
860 609 954 670 utrum
971 604 1007 658 ad
1025 620 1127 674 aequa·

222 689 330 744 litatem
353 690 493 762 pescati1)
518 692 599 746 homo
626 689 780 744 satisfaciat
803 689 878 759 Deo,
907 688 961 742 nisi
978 689 1008 743 id
1025 688 1127 758 ipsum,

223 775 298 846 quod
316 774 502 846 permittendo
524 790 554 828 se
576 773 650 828 vinei
670 792 688 830 a
705 775 817 830 diabolo
836 776 897 832 Deo
914 774 1052 845 abstulit,¹
1068 773 1127 828 dia·
1172 777 1175 784 ’

222 861 319 919 bolum
343 859 480 916 vincendo
505 859 648 926 restituat,
682 865 715 913 ut
743 861 976 931 quemadmodum
1000 877 1051 931 per
1074 860 1129 914 hoe

224 945 299 1016 quod
317 945 407 1000 vietus
427 949 469 999 est
485 943 578 1014 rapuit
597 942 724 997 diabolus
744 946 819 1014 quod
836 944 890 1000 Dei
907 951 981 1014 erat,
1003 952 1032 1000 et
1049 944 1129 1002 Deus

223 1029 360 1101 perdidit,
388 1031 429 1086 ita
449 1046 501 1100 per
518 1029 570 1083 hoe
599 1027 673 1101 quod
700 1027 794 1083 vineat
818 1031 919 1100 perdat
935 1030 1077 1099 diabolus,
1101 1047 1132 1088 et

223 1114 302 1170 Dein
322 1121 473 1186 recuperet
503 1116 572 1168 Bor.
590 1112 634 1171 Ne
673 1112 822 1169 districtius
839 1132 891 1171 neo
910 1115 1009 1172 iustius
1023 1117 1129 1188 aliquid

192 1205 317 1273 tpotest
337 1200 463 1272 eogitari.
496 1202 566 1254 Aua.
600 1199 724 1254 Putasne
746 1218 882 1256 summam
906 1201 1041 1257 iustitiam
1057 1202 1130 1260 hane

225 1285 358 1342 iustitiam
386 1303 468 1356 posse
503 1285 627 1342 violare?
680 1288 749 1342 Boe.
784 1285 848 1342 Nou
880 1287 970 1342 audeo
998 1288 1130 1360 cogitare.

192 1375 295 1428 oAm.
326 1373 491 1430 Nullatenus
510 1387 576 1443 ergo
602 1372 687 1427 debet
710 1380 760 1426 aut
785 1379 878 1443 potest
901 1372 1027 1444 aooipere
1048 1374 1130 1430 homo

226 1474 244 1512 a
266 1456 327 1512 Deo
355 1459 431 1528 quod
456 1457 534 1513 Deus
561 1457 603 1512 illi
628 1458 695 1512 dare
720 1458 880 1527 proposuit,
907 1458 932 1512 si
957 1476 1013 1515 non
1038 1459 1130 1514 reddit

225 1543 288 1597 Deo
309 1547 399 1598 totum
422 1543 498 1614 quod
521 1543 563 1598 illi
585 1543 714 1612 abstulit;
740 1547 772 1595 ut
798 1542 870 1600 sieut
886 1560 938 1614 per
953 1543 1033 1600 illum
1050 1542 1129 1600 Deus

194 1627 362 1699 rperdidit,
397 1628 437 1684 ita
466 1645 516 1700 per
546 1628 625 1684 illum
654 1628 731 1692 Deus
760 1633 913 1699 recuperet.
964 1628 1046 1694 Quod
1074 1647 1130 1686 nou

226 1713 307 1770 aliter
324 1712 384 1769 fieri
398 1715 487 1785 valet,
512 1714 567 1768 nisi
585 1719 618 1768 ut
636 1714 867 1785 quemadmodum
882 1729 934 1785 per
950 1713 1055 1770 vietum
1071 1721 1131 1770 tota

226 1799 348 1854 humana
373 1805 474 1854 natura
502 1805 633 1870 oonupta
658 1807 687 1855 et
711 1797 792 1870 quasi
819 1798 986 1856 fermentata
1002 1807 1044 1856 est
1066 1817 1131 1871 pee-

226 1890 306 1954 oato,
332 1902 396 1940 oum
421 1903 476 1958 quo
502 1885 610 1942 nullum
634 1883 711 1940 Deus
740 1884 856 1940 assumit
878 1886 916 1940 ad
934 1885 1132 1955 perficiendam

226 1970 305 2026 illam
328 1969 469 2026 civitatem
489 1971 652 2039 eoelestem3
677 1969 718 2024 ita
740 1985 791 2038 per
807 1970 964 2026 vincentem
983 1970 1132 2026 iustifican-

226 2064 273 2114 tur
289 2073 307 2110 a
323 2061 438 2127 peceato
464 2060 506 2112 tot
531 2053 669 2122 homines,
694 2059 763 2122 quot
791 2052 871 2110 illum
892 2071 1038 2108 numerum
1059 2071 1133 2109 oom-

227 2141 330 2212 pleturi
357 2145 448 2209 erant,
473 2139 512 2193 ad
538 2156 622 2209 quem
644 2138 839 2210 complendum
860 2138 951 2194 faetus
977 2137 1132 2195 esthemo.

228 2226 285 2284 Sed
299 2226 352 2282 hoo
380 2225 473 2282 fauere
499 2224 658 2280 nullatenus
679 2229 772 2293 potest
794 2223 876 2280 homo
899 2229 1044 2295 peccator,
1067 2224 1133 2296 quia

154 2338 156 2342 ⁴
195 2315 359 2383 speeoator
385 2316 560 2384 peecatorem
585 2307 736 2370 iustificare
752 2310 863 2383 *nequit
901 2313 971 2365 Bos.
1001 2309 1039 2366 Et
1064 2308 1134 2364 nihil

229 2396 328 2452 iustius
346 2402 375 2456 et
390 2395 461 2465 nihil¹
477 2394 692 2468 impossibilium
719 2395 769 2450 sed
794 2413 828 2450 ex
851 2395 894 2450 his
912 2395 1041 2450 omnibus
1058 2395 1133 2450 vide·

229 2487 275 2536 tur
297 2481 486 2540 misericordia
508 2479 564 2536 Dei
587 2484 616 2535 et
641 2494 705 2550 apes
727 2480 844 2539 hominis
867 2480 972 2552 perire,
999 2485 1134 2553 quantum

229 2567 267 2622 ad
295 2567 497 2624 beatitudinem
529 2569 650 2636 spectat,
681 2564 718 2620 ad
750 2582 835 2636 quam
859 2566 951 2621 factm
976 2571 1020 2621 est
1042 2564 1133 2620 homo.

230 2654 299 2707 Ans.
317 2652 457 2726 Exspecta
476 2651 568 2706 adhue
585 2667 692 2722 parum.
717 2654 786 2706 Boe.
806 2651 881 2717 Quid
896 2651 981 2708 habes
994 2649 1134 2723 amplius?

198 2815 212 2868 1
307 2787 378 2874 24.
429 2821 499 2874 Am.
537 2817 568 2874 st
585 2818 666 2876 homo
688 2820 791 2876 uersu
805 2819 938 2893 inruet,
964 2822 1013 2894 qur
1029 2821 1134 2877 homini

232 2922 289 2961 non
311 2903 405 2962 reddit
427 2903 503 2976 quod
527 2902 621 2975 debet,
646 2905 734 2960 multo
756 2906 845 2977 magis
871 2906 990 2963 iniustus
1008 2913 1061 2977 est,
1086 2905 1134 2978 qui
1194 2971 1202 2982 .

198 2989 294 3048 2Deo
321 2988 396 3062 quod
426 2989 509 3047 debet
533 3006 589 3045 non
614 2989 712 3045 reddit
746 2993 816 3046 Bos.
850 2991 881 3048 si
907 2997 1000 3064 potest
1024 2996 1053 3048 et
1068 2992 1135 3062 :nou

305 3180 331 3246 1)
350 3177 408 3234 cu.
420 3193 444 3232 o.
462 3182 504 3246 20,
527 3181 554 3231 1:
573 3175 741 3246 „seeundum
757 3195 914 3233 mensuram
926 3179 1040 3248 peceati
1055 3195 1135 3250 opor·

232 3249 275 3300 tet
287 3246 354 3302 satis
366 3245 513 3303 factionem
525 3246 610 3300 esse“
621 3261 645 3303 o.
656 3250 698 3316 21,
710 3250 756 3302 1³:
773 3247 942 3318 ‚seeundum
953 3248 1136 3316 quantitatem

232 3312 320 3384 exigit
337 3312 415 3370 Deus
431 3311 680 3385 armentionem&
708 3372 711 3380 ,
