2616 3826
423 291 501 350 OUB
517 291 618 351 DEUS
635 291 754 351 HOMO.
790 293 828 352 ΙΙ
848 299 888 351 18.
1070 295 1135 362 87·

204 479 286 534 posse
303 469 333 519 et
349 480 406 518 non
424 479 505 535 posse
524 469 552 520 et
575 464 767 520 necessitatem
791 463 943 536 aliquunde
960 463 1030 534 diei,
1054 479 1111 520 nou

206 549 271 620 quie
294 549 409 603 suntin
433 549 517 604 rebus
538 549 587 605 ubi
609 549 755 618 dicuutur,
777 548 828 604 sed
849 548 980 620 quonium
999 548 1111 609 suntin

204 633 337 699 ali0‚··itu
357 639 387 690 et
410 633 518 690 debere.
556 620 665 705 Quippe
690 649 753 694 eum
776 633 894 688 dicimus
917 633 1018 689 debere
1042 651 1111 705 puu-
1131 641 1162 691 15

204 737 284 791 peres
307 736 326 774 1
350 718 484 774 divitibus
508 719 711 800 eleemosypum
732 717 871 789 accipere,
895 734 951 772 uon
973 722 1016 772 est
1034 719 1112 774 uliud

204 821 288 877 quum
316 805 416 860 divites
446 805 547 862 debere
575 804 745 876 pauperibus
777 803 980 874 eleemosynam
1006 804 1110 875 impen—

205 889 284 958 dere;
318 888 371 944 hoe
403 905 525 963 numque
563 890 690 948 debitum
726 907 782 945 nun
818 894 861 945 est
896 887 1065 960 exigendum
1094 906 1111 944 u

203 989 326 1045 paupere
355 973 405 1029 sed
431 991 448 1029 1
475 976 569 1032 divite.
613 976 691 1032 Deus
717 991 826 1047 queque
853 973 956 1029 dieitur
983 973 1111 1029 omuibus
1131 973 1164 1026 16

205 1058 306 1115 debere
327 1077 470 1132 praeesse,
501 1078 557 1128 nou
589 1061 655 1133 quiu
681 1061 730 1115 ille
746 1059 776 1116 in
792 1059 845 1115 hue
863 1059 957 1130 aliquo
975 1059 1057 1114 modo
1076 1059 1112 1115 sit

205 1143 322 1214 debitor,
347 1145 542 1217 sedquoniam
567 1147 659 1203 omniu
684 1145 786 1200 debent
802 1143 844 1196 illi
863 1143 994 1214 subesse,
1019 1150 1047 1201 et
1065 1145 1111 1200 de·

204 1229 271 1286 bere
294 1229 387 1286 faeere
412 1230 487 1302 quod
510 1231 582 1300 vult,
608 1231 738 1302 quoniam
763 1231 837 1302 quod
862 1229 923 1283 vult
940 1229 1023 1284 debet
1043 1226 1131 1284 esee.-

205 1315 252 1371 Itu
271 1317 382 1388 quaudo
399 1315 461 1370 vult
475 1315 571 1387 ulique
593 1321 722 1370 ereuturu
744 1313 850 1382 faeere,
878 1313 953 1382 quud
970 1330 1052 1369 suum
1070 1322 1112 1379 eet
1130 1311 1164 1364 11

205 1402 298 1458 faede
320 1406 349 1458 et
372 1400 554 1471 nonfacere,
580 1401 682 1456 dieitur
705 1399 807 1456 debere
825 1399 931 1470 faeere,
955 1399 1021 1471 quie
1036 1401 1112 1472 quod

203 1487 265 1559 ipse
282 1488 344 1543 vult
361 1487 445 1543 debet
461 1504 529 1542 esse.
565 1487 701 1542 Dominus
726 1486 821 1557 itaque
840 1485 934 1554 Iesus,
958 1502 1022 1541 eum
1041 1504 1111 1542 mor·
1130 1482 1166 1540 18

204 1577 261 1626 tem
278 1571 360 1641 (sieut
377 1571 506 1641 diximus)
525 1573 660 1628 sustinere
676 1571 778 1638 voluit,
804 1572 935 1640 quoniam
953 1589 1035 1626 suum
1053 1579 1114 1628 eret

206 1663 235 1712 et
251 1658 310 1728 pati
329 1664 358 1713 et
376 1674 432 1712 nun
450 1658 517 1728 pati,
535 1657 632 1712 debuit
648 1657 741 1712 faeere
758 1656 834 1728 quod
850 1655 932 1725 feeit,
952 1655 1019 1726 quie
1037 1656 1112 1726 qued

205 1743 294 1798 voluit
318 1742 379 1797 fieri
406 1742 516 1812 debuit,
541 1747 571 1798 et
592 1759 649 1798 uon
669 1741 768 1798 debuit
785 1741 889 1808 fatue,
916 1739 982 1810 quie
1001 1756 1058 1795 uon
1078 1757 1112 1794 ex

206 1829 309 1884 debito.
344 1828 453 1899 Nempe
480 1829 610 1900 quoniam
632 1829 693 1900 ipse
717 1828 791 1882 idem
814 1831 857 1882 est
877 1824 954 1879 Deus
974 1831 1003 1880 et
1019 1825 1111 1895 homo,
1131 1834 1166 1886 19

206 1914 358 1974 seeundum
381 1913 530 1968 humanum
547 1913 660 1986 quidem
685 1919 813 1968 naturum
833 1925 940 1980 exque
958 1911 1013 1965 fuit
1031 1911 1113 1966 bomo

206 1998 246 2052 sie
265 1999 410 2070 accepite
433 1999 529 2054 diviua
556 2005 670 2068 nutura,
697 1999 769 2070 quae
793 1993 908 2053 aliaest
925 1997 961 2052 ab
981 1997 1113 2066 humane,

205 2102 266 2142 esse
285 2090 366 2140 s‘uum
383 2082 520 2156 quidquid
537 2083 673 2154 habebut,
696 2088 729 2140 ut
754 2083 825 2139 nihil
844 2082 959 2140 deberet
976 2084 1043 2138 dure
1059 2081 1114 2136 nisi

205 2170 281 2240 quud
297 2169 423 2239 volebat3
449 2170 602 2226 seeundum
615 2187 761 2241 personum
779 2187 844 2226 vero
861 2161 901 2222 eie
921 2188 940 2226 1
956 2169 1054 2242 seipso,
1066 2169 1114 2224 ba-

204 2254 290 2318 bebat
321 2255 397 2327 quod
426 2256 548 2312 babebat
556 2259 575 2321 ¹)
606 2259 635 2311 et
665 2257 706 2312 sie
738 2256 861 2328 perferte
879 2257 947 2322 {sibi
975 2255 1115 2310 sufficiens

208 2347 281 2411 erut,
304 2344 337 2395 ut
353 2357 406 2396 neu
431 2341 480 2396 1111
503 2341 653 2412 quicquum
677 2341 829 2397 retribuere
853 2340 981 2410 deberet,
1003 2356 1056 2396 nee
1081 2345 1113 2394 ut

206 2425 261 2482 sibi
286 2426 484 2482 retribueretur
511 2426 578 2481 dure
604 2427 750 2498 indigeret.
799 2428 868 2479 Bos.
903 2425 1009 2494 Aperte
1034 2440 1109 2479 nunu
1130 2419 1165 2474 20

206 2510 303 2581 rideo,
326 2511 393 2582 quia
418 2512 497 2566 nulle
513 2512 621 2566 ratione
640 2508 859 2581 seipsummurti
876 2525 908 2564 ex
927 2508 1034 2578 debito,
1051 2507 1113 2562 eie·

206 2603 240 2652 ut
264 2597 336 2652 ratio
362 2613 424 2652 mes
451 2595 599 2652 videbatur
625 2601 795 2665 monstrare,
825 2593 902 2650 dedit
925 2594 963 2649 ud
979 2594 1111 2650 bonorem

205 2680 272 2752 Dei,
300 2689 330 2737 et
350 2688 444 2738 temen
462 2682 554 2738 faeere
579 2681 677 2738 debuit
700 2680 775 2752 quud
798 2679 872 2734 feeit
909 2680 979 2734 Aue.
1015 2679 1113 2734 Houor
1130 2679 1163 2734 21

205 2768 303 2840 utique
330 2767 378 2824 ille
403 2767 489 2822 totius
513 2775 556 2823 est
584 2767 743 2836 Trinitatis3
772 2783 858 2838 quere
884 2766 1016 2837 quonium
1039 2765 1114 2820 idem

205 2851 265 2922 ipse
289 2859 331 2908 est
351 2852 430 2907 Deus
453 2853 543 2908 Filius
568 2851 635 2923 Dei,
661 2852 699 2907 ed
724 2852 856 2908 bonorem
883 2869 964 2907 suum
993 2851 1114 2922 seipsum

206 2938 260 2994 sibi
283 2939 358 2994 ¹sieut
373 2938 452 2994 Petri
475 2945 503 2994 et
519 2938 645 3010 ¹Spiritui
667 2943 764 2993 saneto
788 2936 890 2992 obtulit
907 2938 926 2992 i.
945 2935 1110 2992 111111111-

206 3027 293 3078 tatem
310 3040 389 3078 suum
406 3023 546 3079 divinitati
562 3041 646 3094 suue,
674 3039 748 3095 quae
764 3039 822 3078 une
840 3023 937 3078 eudem
953 3021 1038 3076 trium
1053 3037 1115 3093 per·

206 3125 337 3164 seuerum
358 3114 406 3165 est
442 3109 484 3166 Ut
500 3113 595 3164 terum
617 3108 647 3163 iu
671 3109 770 3164 eudem
791 3108 853 3180 ipsu
868 3107 985 3164 veritate
1002 3122 1114 3162 muuer-
1132 3103 1167 3156 22

207 3199 250 3250 tes
266 3195 389 3266 apertius
408 3194 554 3284 loquemur
571 3194 646 3266 quod
662 3195 799 3264 volumus,
818 3194 942 3249 dicemus
960 3191 1033 3249 sieut
1047 3207 1115 3245 uuus

280 3351 304 3418 1)
324 3347 442 3402 sareias
462 3328 597 3419 peropus
616 3349 735 3404 seruat
751 3347 814 3404 Aa.
902 3355 905 3359 ·
