2616 3826
446 260 667 379 PRAnnhrrd
686 323 874 382 nnmoms.
1113 325 1134 364 V

176 491 227 560 dis
248 493 405 578 intentus,
431 495 531 562 firmis
557 502 589 562 ct
610 489 760 581 infirmis,
790 494 879 563 sanis
901 501 934 562 et
954 492 1077 562 insanis
1099 513 1135 560 se

176 580 338 663 praestitit
368 587 493 665 patrem
533 581 741 664 omnibusque
773 579 918 646 exhibuit
952 579 1145 664 exemplum.

177 671 361 734 sanctarum
381 666 533 732 virtutum
552 666 713 732 exercitiis
735 666 900 732 imitabile.
932 665 1053 749 Magna
1067 665 1136 729 eius

176 749 281 832 gloria
313 751 559 835 circumquaque
594 751 776 836 percrebuit
802 759 899 834 atque
927 751 1034 816 multis
1063 769 1136 817 con-

177 835 284 900 silium
305 842 338 901 et
359 836 501 903 solamen
522 835 723 920 requisituris
745 855 859 902 ansam
880 835 969 900 dedit
994 855 1067 901 eum
1081 834 1137 900 ad·
1248 855 1260 869 *

177 919 274 984 eundi
315 921 451 1070 privatis
495 920 670 1005 colloquiis.
716 959 759 968 —
800 917 1018 998 Quadriennio
1063 925 1138 1004 post

177 1005 298 1070 obitum
346 1004 498 1090 anfranci,
522 1007 577 1091 qui
599 1007 640 1072 ab
663 1027 691 1070 a.
709 1006 792 1070 1070
814 1006 856 1071 ad
879 1026 906 1072 a.
931 1002 1012 1070 1089
1034 1023 1136 1088 usque

176 1089 363 1155 cathedram
393 1089 657 1160 cantuariensem
686 1091 882 1176 obtinuerat,
912 1089 1083 1156 Anselmus
1116 1108 1138 1154 a

176 1174 336 1258 Guilelmo
378 1175 472 1242 huius
514 1176 651 1242 nominis
697 1177 836 1242 secundo
872 1176 1017 1258 Angliae,
1049 1194 1135 1258 rege,

176 1260 385 1327 suadentibus
413 1261 611 1347 principibus
638 1268 671 1326 et
699 1258 948 1327 acclamantibus
972 1260 1057 1325 clero
1079 1259 1136 1324 lai·

176 1346 304 1430 cisque,
336 1345 596 1432 archiepiscopus
632 1346 820 1432 designatus
847 1367 887 1412 ac
915 1345 1020 1431 pridie
1052 1345 1135 1444 Non,
1261 1392 1263 1396 -

176 1430 344 1497 Decembr.
380 1450 409 1496 a.
433 1431 515 1496 1093
549 1432 742 1498 cantuariae
775 1432 816 1497 ab
852 1431 1015 1515 episcopis
1044 1449 1137 1513 regni

176 1524 381 1582 consecratus
407 1524 465 1583 est.
514 1517 638 1584 Graves
666 1524 773 1583 autem
802 1537 875 1582 eum
901 1515 976 1580 inde
1005 1535 1047 1580 ex
1076 1514 1137 1580 hoc

175 1620 306 1666 munere
334 1621 427 1668 susce
451 1609 484 1666 to
509 1608 695 1668 manserunt
724 1620 895 1668 aerumnae
924 1608 956 1666 et
977 1599 1138 1687 miseriae.

133 1748 135 1752 .
175 1685 290 1768 Neque
317 1687 402 1751 enim
428 1623 497 1750 deri
523 1687 640 1771 potuit,
669 1688 746 1770 quin
774 1685 1013 1751 ecclesiasticae
1042 1683 1136 1749 liber·

176 1769 252 1834 tatis
274 1777 509 1854 propugnator,
540 1791 638 1853 quum
659 1770 844 1836 libidinibus
867 1769 1017 1835 Guilelmi
1040 1767 1136 1834 deva·
1238 1767 1245 1780 ⁸

176 1854 300 1920 standis
327 1855 533 1920 ecclesiarum
567 1855 659 1921 bonis
685 1853 950 1940 oppimendisquc
978 1859 1136 1920 monaste-

176 1937 232 2005 riis
252 1945 285 2004 et
305 1939 450 2025 pecuniis
471 1960 529 2039 per
550 1941 616 2008 vim
637 1939 806 2024 exigendis
821 1937 942 2006 assueti
963 1937 1136 2023 resisteret,
1242 1959 1244 1970 ·

175 2023 210 2088 in
230 2023 369 2090 furorem
398 2032 570 2091 concitaret
590 2027 714 2110 regiam
734 2032 882 2090 mentem.
926 2023 1033 2101 Quare
1057 2022 1138 2090 nihil

175 2109 299 2193 mirum,
321 2111 350 2176 si
374 2129 473 2196 saepe
495 2117 690 2195 protestatus
712 2118 762 2177 est
784 2131 820 2176 se
841 2109 994 2176 maluisse
1015 2109 1049 2175 in
1064 2131 1137 2176 con-

176 2196 364 2278 gregatione
400 2196 626 2262 monachorum
665 2197 757 2280 pueri
792 2196 862 2261 loco
898 2195 981 2261 inter
1019 2215 1136 2279 pueros

176 2281 235 2345 sub
265 2281 358 2364 virga
385 2280 531 2364 magistri
558 2302 693 2366 pavere,
725 2300 822 2365 quam
854 2301 913 2365 per
940 2282 1137 2364 pastoralem

177 2383 287 2430 curam
308 2366 367 2430 toti
388 2366 574 2432 Britanniae
600 2367 765 2450 praelatus
794 2366 828 2430 in
856 2372 1013 2432 conventu
1035 2385 1136 2449 popu·

175 2449 279 2514 lorum
318 2447 491 2517 cathedrae
531 2451 708 2535 pontificali
742 2449 936 2535 praesidere.
994 2448 1138 2514 Maxima

176 2531 390 2618 interregem
417 2543 450 2601 et
472 2535 746 2620 archiepiscopum
768 2533 809 2598 de
829 2533 959 2600 Urbano
981 2531 1024 2596 Π.
1045 2531 1138 2618 Papa

176 2619 381 2702 agnoscendo
406 2625 519 2686 exorta
550 2640 610 2686 nec
636 2622 743 2686 soluta
767 2617 925 2684 dissensio
946 2617 1052 2702 coegit
1072 2619 1136 2684 An-

177 2705 324 2788 selmum,
353 2705 452 2771 variis
478 2704 737 2771 tribulationibus
760 2703 840 2769 satis
868 2702 1046 2787 defessum,
1076 2703 1136 2769 sub

175 2787 272 2854 finem
294 2809 322 2852 a.
346 2790 426 2854 1097
449 2790 601 2874 Angliam
621 2790 800 2873 relinquere
820 2794 852 2855 et
874 2788 917 2853 ad
935 2787 1046 2854 sedem
1060 2808 1136 2873 apo

176 2873 323 2939 stolicam
353 2874 533 2958 confugero.
587 2877 656 2941 Nec
684 2877 804 2942 Romae
833 2873 909 2938 exul
940 2871 1027 2955 quod
1052 2892 1136 2938 sum-

174 2979 305 3045 mopere
328 2960 471 3045 erpetiit,
493 2967 528 3025 ut
547 2980 643 3028 onere
657 2959 923 3045 archiepiscopali
937 2957 1136 3042 liberaretur,

123 3101 127 3122 ‚
176 3063 330 3110 asummo
341 3043 491 3128 pontifice
502 3045 545 3112 im
570 3046 695 3112 etravit.
717 3045 788 3111 Etsi
800 3051 907 3109 autem
919 3043 1067 3108 Urbanus
1078 3061 1138 3126 per

175 3128 339 3195 biennium
358 3148 430 3193 cum
451 3148 527 3212 rege
546 3068 590 3196 de
612 3131 764 3197 Anselmo
782 3127 980 3194 restituendo
1001 3131 1033 3190 et
1054 3145 1136 3210 pace

175 3213 333 3280 ecclesiae
371 3214 577 3280 Britannicae
598 3215 859 3299 ¹redintegranda
894 3219 1023 3278 strenue
1059 3210 1135 3294 egit,

174 3305 283 3364 tamen
309 3317 420 3365 omnes
447 3318 560 3384 preces
586 3301 692 3366 minae
722 3320 761 3365 ac
789 3299 915 3364 labores
948 3296 981 3362 in
1010 3315 1137 3361 cassum

175 3383 364 3450 reciderunt.
428 3383 587 3452 Henricus
629 3386 757 3452 demum
797 3383 935 3468 primus,
985 3379 1137 3448 Guilelmi
