2616 3826
232 307 288 375 224*
413 305 441 362 S.
459 303 631 362 Asanam
648 301 955 362 emmaum

232 476 367 534 rationem
393 475 471 549 sequi
493 473 703 546 proposuimus,
727 472 854 546 quamvis
872 471 1077 544 aliquantidum
1095 489 1143 540 me

232 567 345 632 terreus,
364 562 434 620 nihii
446 561 542 617 hebes·
555 560 630 632 quod
647 559 860 630 praeiudicare
878 563 983 615 conns.
1041 601 1043 606 .

203 787 225 862 l·
270 845 272 852 ,
314 783 382 870 12·
409 773 502 874 enar.
514 815 681 872 »Redeamus
700 819 729 870 et
743 814 902 885 videamua
914 820 1007 870 utrum
1020 815 1140 870 solami-

236 902 385 958 seriooniiu
411 901 470 956 sine
492 899 567 956 omui
591 901 726 956 solutione
749 901 838 956 ablati
866 901 922 956 sibi
942 901 1071 972 honofis,
1093 903 1141 957 do·

235 989 405 1043 cert-Deum
423 993 540 1058 peecata
556 986 702 1042 dimittere.
738 989 806 1041 Bor.
836 987 901 1044 Non
918 988 998 1043 video
1017 1003 1068 1043 cur
1083 1004 1142 1044 nun

201 1073 355 1128 tdsceet.
376 1074 460 1128 Aoo..
479 1072 526 1128 Sic
552 1071 691 1129 dimittere
720 1076 881 1143 pcemtrrm,
909 1089 967 1128 non
994 1079 1037 1130 est
1062 1073 1143 1128 alind
1226 1119 1231 1126 .

236 1172 320 1230 quam
343 1175 403 1214 non
422 1157 535 1228 punire;
561 1164 590 1214 et
607 1156 737 1228 quonium
753 1165 832 1214 recte
847 1157 975 1215 ordinare
993 1164 1141 1230 peccatum

235 1244 296 1300 sine
319 1240 507 1298 satisfactione
528 1259 585 1296 nen
611 1247 654 1296 ert
679 1242 733 1296 nisi
755 1245 869 1313 punire,
898 1243 923 1298 si
944 1260 1001 1298 nou
1016 1243 1141 1314 punitur,

233 1329 421 1384 inordinatum
441 1327 596 1385 dimittitur.
632 1329 711 1382 Boa·
736 1329 914 1386 Rationabiic
941 1329 1078 1400 estquod
1100 1329 1140 1384 dt

201 1415 282 1470 teis.
312 1415 388 1468 'Ans
422 1413 515 1469 Deum
537 1429 603 1468 vere
626 1430 682 1468 non
704 1413 785 1468 decet
809 1413 916 1485 aliquid
938 1413 968 1468 in
985 1431 1036 1470 suo
1052 1429 1141 1486 reguo

234 1500 424 1555 inordinatum
447 1499 592 1554 dimittere.
628 1500 697 1554 Bos.
716 1498 745 1556 Si
763 1497 841 1552 aliud
856 1500 920 1554 volo
937 1500 1037 1570 dicere,
1056 1500 1141 1556 timeo

199 1571 359 1656 {epotum
403 1584 473 1637 Arre.
508 1584 599 1656 Igitur
624 1600 681 1638 non
707 1584 788 1639 decet
812 1583 905 1640 Deum
927 1593 1074 1656 peceatum
1100 1585 1142 1640 ric

195 1678 216 1727 t
233 1669 400 1740 impunitum
419 1669 566 1728 dimittere.
601 1669 670 1724 Boo.
703 1669 750 1725 Ita
771 1669 903 1741 sequitur.
938 1671 1008 1726 Ans.
1042 1670 1095 1724 Est
1111 1673 1145 1725 et

234 1757 404 1828 uliudpuod
427 1755 565 1827 sequitur,
589 1755 612 1809 ai
635 1762 780 1826 peccatum
799 1756 840 1811 sic
858 1757 1007 1812 dimittitur
1023 1755 1142 1827 impuni-

233 1848 307 1913 tum,
335 1842 403 1920 quia
430 1841 558 1898 similiter
583 1841 638 1899 erit
663 1843 739 1913 apud
762 1842 855 1898 Deum
877 1841 1006 1912 peccanti
1032 1848 1061 1898 et
1085 1860 1142 1898 non

233 1928 378 1999 peccanti3
405 1927 564 1998 quodDeo
587 1926 801 1983 conconvenit.
836 1927 905 1980 Bos.
941 1928 1004 1984 Non
1028 1942 1142 1998 possum

201 2018 345 2083 turgere.
380 2012 451 2065 Aur.
482 2009 556 2065 Vide
581 2015 609 2063 et
632 2009 694 2063 hoc.
729 2010 869 2065 Iustitiam
895 2011 1037 2066 hominum
1061 2029 1144 2068 nemo

234 2095 326 2152 nescit
341 2113 401 2152 esse
419 2094 471 2149 sub
491 2094 562 2164 iege,
579 2097 612 2146 ut
629 2094 782 2148 seeundum
800 2094 859 2148 eius
870 2095 1054 2166 quantitatem
1065 2111 1142 2150 men·

236 2190 302 2237 sura
319 2179 508 2236 retributionis
534 2195 552 2232 a
569 2179 630 2234 Deo
649 2185 883 2249 recompensetur.
917 2181 986 2234 Boo.
1022 2179 1069 2234 ita
1084 2197 1142 2236 crc-

202 2267 334 2326 iditum.
369 2266 439 2318 Aur.
475 2264 505 2320 Si
527 2269 620 2318 autem
641 2270 788 2335 peccatum
814 2281 866 2321 nec
889 2264 1003 2321 soluitur
1019 2281 1072 2320 nee
1090 2283 1142 2336 pu·

216 2351 324 2421 ‘tritum
348 2351 419 2404 nulli
441 2350 499 2423 legi
518 2349 652 2406 subiacet.
679 2343 755 2408 Boc.
790 2351 854 2408 Non
873 2369 987 2423 possum
1004 2351 1084 2406 aliter
1101 2352 1143 2407 in·

203 2435 370 2510 stelligere.
413 2437 482 2492 Aac.
518 2435 646 2492 Liberior
669 2437 756 2508 igitur
784 2444 828 2492 est
852 2435 1001 2505 iniustitia,
1033 2437 1057 2492 ai
1082 2437 1143 2494 sola

236 2521 424 2578 misericordie
447 2521 611 2592 dimittitur,
635 2538 718 2594 quam
744 2520 866 2590 iustitiat
892 2523 967 2592 quod
994 2523 1077 2580 valde
1100 2522 1142 2580 iu·

202 2609 403 2664 toonuenisnr
426 2607 545 2663 videtur.
580 2606 627 2660 Ad
650 2606 702 2663 hoo
727 2606 809 2662 etium
837 2606 995 2662 extenditur
1011 2607 1081 2664 haec
1101 2607 1142 2662 in·

236 2693 441 2762 convenientia,
467 2699 500 2748 ιιι
527 2691 691 2747 iniustitiam
716 2693 779 2748 Dec
805 2691 923 2746 similem
948 2692 1049 2762 iaciat3
1076 2692 1143 2764 quia

187 2779 219 2831 16
236 2777 308 2831 sicut
318 2777 396 2832 Deus
408 2777 511 2843 nullius
521 2777 579 2849 legi
590 2777 724 2846 subiacet,
744 2777 784 2830 ita
795 2783 823 2832 et
834 2775 978 2835 iniustitia.
1003 2781 1073 2834 Ros.
1087 2777 1142 2835 Ne·

237 2875 309 2931 queo
326 2861 454 2916 resistcre
470 2863 572 2916 rationi
589 2868 663 2919 tuae.
698 2861 753 2918 Sed
776 2879 841 2916 cum
858 2861 937 2919 Deus
957 2864 1039 2920 nobis
1063 2879 1142 2935 prae·

236 2945 324 3017 cipiet
340 2945 452 3001 omnine
476 2947 615 3004 dimittere
631 2945 815 3018 peccantibus
834 2947 864 3002 iu
882 2964 948 3017 nos,
971 2949 1082 3006 ridetur
1098 2963 1141 3004 ra·

234 3035 376 3104 pugnare,
403 3037 436 3106 ut
459 3031 512 3088 hoc
538 3032 693 3104 praecipiat
717 3031 797 3086 nobis
825 3033 901 3102 quod
930 3033 1021 3104 ipsum
1049 3031 1148 3086 facum

187 3117 215 3171 tt
235 3133 295 3172 nen
315 3117 403 3172 deecit
438 3119 512 3174 Aua.
547 3110 633 3176 Nulla
656 3119 686 3173 in
708 3116 760 3172 hoc
787 3125 830 3174 est
851 3116 1049 3190 repugnantia,
1075 3113 1144 3186 quia

198 3202 314 3258 :Deus
340 3202 393 3258 hoc
419 3201 556 3274 praecipit
580 3202 675 3266 nobis,
701 3208 813 3262 utnon
834 3217 1042 3274 praeemantur
1066 3200 1147 3271 quod,

186 3291 218 3344 12
236 3287 321 3342 solius
339 3287 394 3343 Dei
415 3290 464 3342 est.
501 3287 550 3342 Ad
572 3288 680 3342 nullum
702 3287 775 3344 enim
793 3288 914 3358 pertinet
931 3284 1084 3340 vindictam
1099 3284 1141 3339 fa·

236 3387 313 3440 cere,
332 3371 387 3426 uisi
405 3373 443 3428 nd
459 3372 539 3428 iilum
556 3372 606 3444 qui
624 3373 762 3429 Dominus
780 3381 823 3429 est
840 3371 980 3438 emniumt
995 3384 1062 3426 nam
1078 3386 1143 3426 cum
