2616 3826
385 315 462 380 cua
479 321 580 380 nnus
597 322 715 380 nouo.
750 324 773 380 1.
793 329 832 381 κο.
851 329 893 382 sl.
1048 331 1090 395 43

189 496 293 564 mus,¹)
322 497 433 569 quando
459 496 519 552 sola
545 495 667 564 ratione,
695 495 788 549 utrum
815 497 959 551 adventus,
976 498 1034 554 eius
1054 499 1091 552 ad

191 582 369 638 salvationem
397 581 539 636 hominum
567 587 640 637 esset
663 581 848 651 necessarius,
876 599 1008 653 quaerere
1029 601 1091 656 pro·

189 667 339 740 posuimus.
374 670 441 722 Bos.
477 668 522 722 Ita
540 667 665 722 fecimus.
700 667 769 722 Aac.
801 667 867 723 Sola
883 667 968 738 igitur
984 669 1143 728 ratione18

188 755 377 824 procedamus.
413 753 480 806 Boo.
516 752 648 817 Quamvis
671 754 700 807 in
724 754 867 826 angustias
890 754 1025 824 quasdam
1047 772 1092 810 me

190 839 291 908 ducas,
308 839 435 894 desidero
451 845 544 893 tamem
562 839 694 907 multum,
711 843 758 906 ut,
779 837 851 892 sicut
869 837 1011 908 incepisti,
1028 857 1092 911 pro·

190 924 332 996 grediaris.

266 1063 332 1148 21·
384 1097 453 1150 Aac.
489 1095 629 1149 Ponamus
651 1095 744 1149 omnia
763 1095 824 1163 illa,
852 1112 923 1166 quae
942 1097 1024 1152 modo
1042 1114 1121 1167 po-1

190 1181 269 1236 suisti
292 1187 319 1236 te
341 1197 392 1252 pro
417 1186 533 1251 peccato
557 1195 638 1251 posse
667 1180 785 1250 solvere,
808 1186 913 1236 tenen
940 1181 1041 1238 debere
1063 1190 1091 1238 et

188 1267 341 1338 videamus,
359 1273 452 1322 utrum
468 1265 576 1337 possint
592 1264 721 1321 sufficere
734 1268 770 1321 ad
782 1266 998 1323 satisfactionem
1008 1270 1091 1325 unius

188 1361 247 1410 tam
268 1354 348 1425 parvi
373 1353 495 1424 peccati,
522 1353 604 1408 sicuti
624 1357 670 1408 est
691 1369 764 1408 unns
782 1357 912 1423 aspectus
931 1358 1028 1409 contra
1043 1373 1091 1412 vo-

188 1440 324 1495 luntatem
339 1439 402 1494 Dei.
436 1441 505 1494 Bos.
539 1439 601 1496 Nisi
624 1439 691 1510 quia
715 1438 799 1494 audio
821 1444 850 1494 te
871 1439 924 1493 hoc
945 1457 1048 1511 ponere
1061 1442 1125 1496 int

189 1527 391 1600 quaestionem,
414 1532 542 1596 putarem
568 1541 612 1580 mc
632 1525 686 1580 hoc
704 1531 851 1595 peccatum
868 1542 925 1580 una
943 1527 1002 1581 sola
1019 1543 1092 1580 com·
1139 1515 1145 1532 ‘

188 1612 340 1684 punctione
368 1610 468 1666 delere.
512 1611 580 1664 Am.
614 1610 746 1665 Nondum
770 1610 963 1674 considerasti,
994 1612 1092 1682 quanti

188 1698 318 1770 ponderis
338 1696 374 1750 sit
395 1700 548 1765 peceatum.
584 1697 651 1747 Bos.
680 1692 762 1746 Nunc
780 1693 894 1748 ostendo
911 1694 987 1748 mihi.
1022 1691 1125 1752 ΑΜΒ

189 1780 219 1837 Si
245 1780 353 1834 videres
376 1783 405 1832 te
427 1779 457 1832 in
481 1785 631 1847 conspeetu
648 1776 702 1831 Dei
726 1775 881 1847 et‘aliquis
904 1778 956 1832 tibi
974 1779 1092 1836 diceret:

189 1866 282 1937 aspice
299 1861 374 1931 illuc,
402 1867 430 1916 et
445 1862 523 1916 Deus
542 1869 668 1918 econtra:
693 1863 851 1917 nullatenus
869 1863 946 1932 volo,
969 1869 1001 1918 nt
1020 1865 1092 1936 aspi·

189 1951 261 2020 cias;
290 1963 394 2019 quaere
410 1953 443 2002 tu
459 1947 519 2018 ipse
538 1948 567 2002 in
585 1949 748 2018 cordetuo,
773 1948 841 2020 quid
862 1948 898 2002 sit
917 1948 946 2003 in
965 1950 1093 2006 omnibus

189 2053 261 2109 quae
280 2040 354 2103 sunt,
371 2049 422 2104 pro
440 2052 494 2106 quo
512 2034 628 2091 deberes
645 2040 743 2090 contra
755 2034 926 2090 voluntatem
942 2035 997 2091 Dei
1013 2036 1092 2091 illum

189 2127 332 2192 aspectum
349 2119 463 2175 facere?
498 2124 566 2176 Boe.
593 2120 671 2178 Nihil
689 2118 799 2176 invenio
816 2125 930 2192 propter
948 2123 1023 2194 quod
1039 2123 1092 2178 hoc
1109 2124 1125 2174 4

190 2208 319 2276 debeam,
351 2204 405 2260 nisi
430 2203 502 2260 forte
529 2207 581 2260 sim
607 2206 636 2261 in
662 2223 696 2262 ea
722 2206 887 2262 necessitate
912 2208 1032 2277 positus,
1060 2214 1093 2263 ut

189 2292 227 2346 sit
256 2309 370 2347 necesse
403 2306 447 2344 me
476 2297 525 2346 aut
550 2292 603 2346 hoc
631 2298 680 2347 aut
705 2292 795 2346 mains
821 2297 968 2363 peccatum
991 2294 1091 2348 facere.

190 2378 259 2432 Am.
278 2377 400 2431 Remove
417 2375 489 2430 hanc
508 2378 707 2446 necessitatem,
726 2377 808 2433 etde
828 2377 887 2431 solo
904 2377 957 2431 hoc
976 2378 1125 2446 peccato5

190 2461 347 2531 considera,
372 2460 395 2514 ai
421 2460 511 2531 possis
534 2461 605 2515 illud
625 2462 717 2516 facere
738 2478 789 2531 pro
811 2461 900 2530 teipso
922 2461 1091 2516 redimendo.

191 2546 259 2601 Bos.
293 2547 398 2616 Aperte
430 2545 525 2615 video,
557 2546 622 2618 quia
646 2562 707 2600 non
735 2561 856 2615 possum.
891 2546 961 2600 Aoo.
995 2545 1039 2602 Ne
1063 2551 1125 2602 tob

190 2631 295 2686 diutius
322 2631 495 2701 protraham:
527 2633 608 2702 quid,
637 2632 661 2685 si
694 2647 806 2686 necesse
831 2636 904 2686 esset
930 2637 979 2686 aut
1003 2637 1092 2688 totum

190 2717 324 2770 mundum
344 2721 373 2772 et
398 2717 534 2789 quidquid
552 2717 630 2771 Deus
647 2734 703 2771 non
720 2722 762 2771 eat
778 2717 868 2788 perire
886 2717 958 2772 etin
975 2717 1093 2774 nihilum

190 2801 295 2872 redigi,
322 2805 372 2855 aut
396 2801 431 2856 ds
450 2802 543 2858 facere
566 2808 625 2856 tam
642 2815 757 2873 parvam
774 2819 833 2857 rem
852 2807 949 2857 contra
967 2805 1092 2860 volunta·

189 2893 247 2941 tem
266 2885 341 2942 Dei?
376 2887 444 2940 Boo.
481 2886 551 2942 Cum
569 2887 711 2944 considero
732 2888 869 2944 actionem
885 2888 987 2959 ipsam,
1014 2889 1126 2945 levis-7

192 2972 292 3026 simum
311 2971 444 3043 quiddam
461 2972 543 3028 video
561 2989 637 3035 esse;
666 2974 716 3028 sed
737 2991 801 3028 cum
824 2975 948 3044 intueor,
971 2973 1038 3044 quid
1056 2973 1094 3028 sit

263 3179 288 3245 l)
311 3177 385 3234 Vrde
407 3193 478 3259 quae
506 3179 536 3231 in
559 3177 737 3232 Praefationo
761 3194 812 3232 sua
836 3177 863 3234 S.
886 3177 1034 3232 Anselmus
1058 3178 1093 3233 de

193 3247 345 3302 disserendi
372 3250 478 3300 rationo
505 3246 558 3299 sibi
584 3246 706 3301 ineunda
724 3247 838 3302 monuit.
868 3251 989 3315 „remoto
1015 3245 1093 3301 Chri·

192 3317 261 3370 sto.“
284 3345 320 3355 —
340 3314 397 3370 Gir.
417 3331 440 3369 e.
461 3319 501 3383 10,
520 3319 565 3368 28:
585 3314 741 3384 „Ponamus
760 3315 815 3370 Dei
833 3314 1093 3370 incarnationem-

191 3401 342 3456 numqnam
360 3383 471 3439 fuisse.“
