2616 3826
183 317 215 356 Ν
448 319 667 377 emmanue
687 281 876 378 nnmonrs.

182 503 352 582 paternam
376 495 410 560 iu
432 491 620 560 coenobium
644 493 854 578 reciperetur,
886 493 1055 578 paullatim
1079 495 1139 562 fer

180 601 291 650 vorem
312 579 497 664 religiosum
521 597 652 663 prorsus
677 578 816 644 abiicere
840 578 961 662 incepit
986 581 1139 646 animum-

181 687 244 751 que
259 672 356 732 antea
370 664 485 732 studiis
499 662 641 729 deditum
657 662 809 728 distinere
822 663 992 731 mundanis
1006 664 1140 751 deliciis,

180 754 229 820 ita
248 759 365 834 tamen
386 756 422 816 ut
442 747 594 849 quamdiu
611 754 714 814 mater
734 747 852 813 dilecta
865 755 952 815 esset
965 758 1139 836 superstes,

180 838 321 904 claustra
342 834 473 920 pudoris
492 853 555 898 non
576 831 797 917 perfringeret.
833 834 877 898 At
890 834 975 899 euim
989 835 1140 902 defuncta

179 917 408 1005 Ermenberga,
430 918 535 1004 „illico
557 917 650 984 navis
673 918 777 984 cordis
792 917 870 1002 eius,
890 920 984 1002 quasi
998 919 1139 986 anchora

180 1008 320 1093 perdita,
346 1005 380 1071 in
407 1003 521 1070 fluctus
546 1001 668 1069 saeculi
687 1022 793 1088 paene
817 1009 886 1068 tota
907 1003 1036 1090 dilapsa
1060 1003 1138 1070 est.“

178 1092 342 1176 Accessit,
358 1089 457 1174 ‘quod
477 1089 542 1156 Dei
569 1087 785 1154 inscrutabilis
811 1107 849 1156 sa
872 1087 972 1156 ientia
992 1089 1139 1176 permisit

179 1185 212 1244 et
232 1177 266 1243 in
288 1173 433 1242 Anselmi
461 1174 597 1240 salutem
624 1173 734 1257 vertit,
762 1171 835 1240 (iun
859 1173 914 1238 ulfi
940 1174 1043 1259 patris
1064 1196 1137 1241 con·

178 1269 230 1328 tra
251 1261 351 1327 filium
372 1260 406 1325 in
434 1259 504 1325 dics
533 1277 680 1324 crescens
704 1257 812 1323 odium
832 1259 1012 1342 acerbaque
1033 1259 1137 1344 indig-

177 1347 275 1430 natio,
298 1365 381 1429 quae
402 1343 583 1410 humilitate
605 1362 669 1407 non
690 1342 784 1410 modo
805 1342 899 1408 leniri
920 1344 1056 1428 nequiit,
1078 1344 1136 1412 sed

177 1432 275 1498 etiam
296 1435 496 1515 exaggerata
516 1435 574 1494 est
617 1427 702 1493 Hinc
720 1427 827 1512 patria
854 1428 967 1495 relicta
1010 1428 1136 1497 iuvenis

176 1523 388 1602 posteaquam
422 1514 525 1600 Alpes
564 1511 653 1580 haud
688 1512 759 1578 sinc
799 1513 928 1597 maguis
971 1479 1134 1582 laboribus

176 1600 351 1687 superavit,
371 1600 406 1666 in
427 1597 615 1683 Burgundio
636 1604 668 1663 et
688 1597 830 1664 Francia
849 1598 1135 1668 trienniumtrans-

176 1687 260 1772 cgit5
291 1685 408 1752 deinde
439 1685 600 1750 Abrincas
607 1733 615 1768 ,
646 1703 730 1765 quae
764 1684 840 1750 urbs
871 1682 907 1750 in
937 1683 1136 1764 Narmaunia

175 1772 240 1838 sita
266 1779 333 1855 est,
364 1769 561 1854 aliquamdiu
589 1769 771 1842 demoratus
800 1768 1028 1837 monasterium
1054 1771 1134 1838 cele·

174 1857 345 1922 berrimum
376 1857 538 1925 Beccense
569 1854 679 1938 petiit,
714 1854 765 1919 cni
791 1853 964 1920 Herluinus
995 1855 1135 1940 praeibit

175 1942 302 2024 Abbas,
345 1940 438 2006 Prior
479 1946 587 2004 autem
621 1937 830 2007 Laufrancus.
893 1939 997 2006 Huius
1032 1941 1134 2025 ipsius

174 2023 359 2092 scholastici
380 2023 502 2108 pietate
523 2023 645 2107 pariter
666 2042 705 2088 ao
727 2021 888 2105 sapientia
908 2032 940 2090 et
955 2025 1133 2092 eruditione

174 2108 363 2176 multimoda
395 2107 559 2208 conspicui
585 2106 688 2191 fama,
715 2126 799 2189 quae
820 2107 953 2176 clericos
972 2129 1014 2176 ex
1033 2112 1133 2178 omni-

173 2195 234 2262 bu's
276 2194 376 2262 ferme
418 2192 668 2260 occidentalibus
709 2192 803 2258 terris
861 2193 1133 2262 raestantissimos

173 2280 314 2363 undique
337 2277 463 2363 allexit,
496 2298 561 2343 nou
583 2276 688 2361 potuit
708 2297 811 2344 none
847 2298 933 2364 cere,
963 2287 998 2345 ut
1018 2279 1132 2348 Ansel-

173 2386 244 2432 mus
276 2385 313 2431 se
343 2365 413 2432 eius
438 2362 590 2429 subderet
614 2360 800 2444 magisterio
828 2365 999 2430 studiosus.
1051 2365 1133 2432 (lum

173 2469 281 2516 amore
302 2448 455 2517 vanitatis
479 2454 512 2514 et
533 2447 724 2514 insolentiae
743 2446 799 2512 diu
821 2448 1019 2516 conflictatus
1043 2455 1132 2517 etex

172 2534 354 2602 huiusmodi
366 2532 591 2602 vexationibus
605 2531 708 2598 victor
721 2551 881 2617 egressus,
896 2533 992 2600 Becci
1001 2535 1131 2601 XXVII

144 2643 149 2653 ·
172 2639 274 2688 anuos
295 2627 390 2686 natus
410 2617 632 2688 monachalem
653 2617 797 2683 habitum
820 2617 971 2686 assumsit
992 2619 1076 2698 hunc
1096 2621 1130 2686 in

171 2703 277 2789 finem,
304 2710 339 2769 ut
361 2704 450 2769 Deus
472 2705 560 2770 solus
580 2723 640 2769 sua
661 2701 788 2786 requies
810 2710 843 2768 et
863 2704 1012 2789 intentio,
1041 2705 1129 2771 solus

171 2809 261 2856 amor
288 2789 359 2854 cius
385 2787 609 2872 contemplatio
637 2791 712 2872 sua,
744 2788 841 2852 beata
861 2797 895 2855 et
915 2790 1047 2857 assidua
1065 2809 1129 2854 me·
1179 2867 1183 2877 ¹

159 2875 278 2962 ¹moria·
305 2873 374 2938 eius
414 2872 492 2938 felix
529 2872 673 2938 solamen
704 2877 737 2937 et
773 2873 907 2941 satietas
938 2895 998 2941 sua
1028 2874 1129 2941 fieret.

170 2958 298 3026 Tribus
317 2958 410 3024 annis
434 2955 592 3044 peractis,
619 2956 800 3023 Laniranco
827 2957 1036 3026 Oadomensis
1058 2980 1127 3027 coe-

170 3045 258 3110 nobii
280 3043 423 3127 regimen
445 3042 563 3127 adepto
582 3041 736 3110 successit
757 3040 791 3108 in
813 3044 916 3126 gradu
937 3045 1066 3126 Prioris,
1088 3067 1128 3112 ac

169 3129 319 3196 defuncto
347 3127 502 3194 Herluino
537 3147 566 3192 a
589 3127 678 3192 ,1078
705 3127 847 3194 unanimi
875 3131 1024 3200 Fratrum
1055 3149 1127 3196 con·

168 3233 266 3280 sensu
294 3214 404 3279 Abbas
432 3212 603 3278 Becceusis
631 3219 794 3295 promotus
821 3219 878 3279 est.
922 3213 1127 3280 Orationibus

168 3297 289 3382 vigiliis
310 3297 569 3364 meditationibus
594 3294 761 3380 insistens,
791 3297 983 3364 coelestibus
1013 3296 1127 3363 studiis

167 3383 316 3468 imbutus,
345 3382 510 3453 monachis
532 3380 714 3451 erudiendis
736 3379 946 3450 admonendis
969 3382 1126 3466 corrigen-
1171 3383 1173 3396 '
