2616 3826
202 275 243 344 88
279 225 284 232 ι
386 269 923 333 s.ANsnnm0ANrUAR1uNSIS

201 443 299 512 haber,
325 443 392 514 quio
413 443 501 500 Filius
525 448 624 515 sponte
648 458 678 498 se
695 442 787 513 ipsum
804 442 883 496 Patri
907 440 1025 504 obtulit;
1052 441 1105 495 hoo

201 545 321 600 namque
343 530 425 584 modo
451 529 624 600 apertissime
649 527 762 595 dicitu,
783 526 850 598 quia
871 533 899 582 et
921 527 951 580 in
971 543 1028 580 uns
1042 543 1103 596 per-

162 619 163 622 ’
201 629 270 668 sons
286 619 361 670 totus
377 614 455 670 Deus
478 614 524 668 oui
550 613 702 670 semmdum
719 612 857 668 hominem
873 627 904 665 se
921 611 1036 679 obtulit,
1062 610 1104 664 in-

200 697 348 770 telligitur,
367 705 394 754 et
411 718 461 771 per
473 717 573 755 nomen
583 699 676 754 Petris
695 698 799 753 etFilii
816 698 949 754 immensa
967 697 1104 768 quaedam

201 783 232 838 in
255 783 385 840 cordibus
409 784 593 854 audientium,
619 772 681 839 eu'm
702 785 815 840 Patrem
838 785 925 840 Filius
948 783 1000 838 hoo
1022 782 1104 838 modo

201 869 342 938 postrdure
356 887 408 940 pro
425 870 504 926 nobis
524 870 640 939 dieitur,
663 871 754 940 pietas
778 870 902 926 sentitur.
938 871 1007 922 Bor.
1042 868 1103 924 Hos

201 953 380 1010 libentissime
395 956 511 1026 seoipio.

171 1118 183 1169 1
284 1091 352 1179 iii·
395 1127 465 1180 Ans.
500 1127 689 1196 Intueemur1)
719 1146 794 1184 nuno
831 1135 915 1198 prout
949 1143 1105 1197 possumus,
1222 1128 1226 1135 '

205 1213 309 1279 quanta
335 1210 401 1267 inde
430 1213 537 1268 ratione
567 1219 698 1285 sequntur
728 1214 850 1269 humana
877 1213 1001 1268 salvatio.
1036 1213 1105 1265 Bos.

145 1313 148 1320 ·
202 1293 250 1348 Ad
267 1295 319 1352 hoe
345 1298 435 1352 tendit
459 1316 630 1355 cormeum.
666 1300 739 1356 Nam
764 1299 889 1372 quemvis
909 1298 962 1353 hoo
981 1298 1048 1352 mihi
1067 1297 1105 1351 vi-

202 1380 269 1435 deur
296 1382 464 1454 intelligere,
492 1384 582 1454 ipsum
608 1391 701 1440 temen
726 1385 841 1440 rationis
865 1385 1067 1439 contextionem
1090 1399 1107 1436 u

168 1462 185 1512 2
202 1468 231 1516 te
248 1465 311 1518 volo
322 1465 389 1520 fieri.
418 1470 486 1524 Ares.
503 1469 646 1536 ¹Quantum
658 1476 750 1525 sutem
768 1470 804 1524 sit
817 1471 892 1540 quod
909 1469 996 1524 Filius
1008 1476 1107 1540 sponte

204 1547 294 1618 dedit,
317 1561 432 1610 nonest
449 1573 519 1626 opus
544 1573 686 1626 exponere.
721 1557 791 1610 Bos.
827 1554 1003 1614 sufficienter
1019 1560 1106 1626 patet.
1168 1551 1169 1554 ’

170 1634 272 1690 artur.
305 1637 378 1694 Eum
398 1648 491 1698 eutem
517 1643 565 1714 qui
589 1647 697 1696 tontum
725 1642 827 1697 donum
849 1647 947 1711 sponte
970 1641 1020 1696 dut
1035 1641 1107 1708 Deo,

170 1718 263 1775 tsine
279 1723 459 1784 retributione
484 1729 585 1784 debere
608 1745 669 1784 esse
692 1733 747 1783 n'on
765 1726 909 1782 iudicabis.
944 1728 1012 1780 Bos.
1047 1725 1107 1778 Imo

203 1823 316 1864 necesse
340 1827 399 1866 esse
425 1814 522 1884 video,
551 1814 690 1870 ut·Pater
708 1812 780 1868 Filio
807 1813 957 1880 retribuat,
985 1809 1107 1881 alioquin

204 1898 254 1948 aut
269 1894 390 1952 iniustus
408 1915 467 1956 esse
485 1901 595 1956 videtur
619 1899 643 1952 si
664 1899 763 1966 nollet,
787 1904 836 1952 aut
853 1898 989 1968 impotens
1007 1897 1031 1950 si
1051 1914 1113 1951 ιιοιι

170 1973 313 2050 5posset;
331 1999 403 2053 quse
421 1986 512 2041 aliens
530 1989 596 2040 sunt
613 2001 630 2039 a
647 1985 716 2039 Deo.
751 1986 820 2038 Aue.
843 1983 898 2048 Qui
915 1982 1043 2039 retribuit
1059 1981 1107 2036 eli·

204 2063 263 2132 cui,
286 2071 336 2120 sut
355 2067 405 2129 det
422 2070 560 2140 quodille
577 2069 748 2138 nonhabet,
775 2077 824 2123 sut
843 2069 956 2124 dimittit
977 2068 1052 2139 quod
1071 2067 1107 2122 ab

173 2197 178 2210 ,
202 2145 251 2203 illo
269 2159 361 2220 potest
379 2156 461 2226 exigi.
496 2156 577 2210 Prius
601 2160 693 2210 sutem
718 2170 802 2225 quam
820 2161 926 2209 tantem
943 2170 1002 2208 rem
1019 2151 1108 2207 Filius

202 2233 322 2308 fuceret,
346 2241 438 2296 omnis
462 2257 534 2313 quse
557 2239 648 2294 Petris
675 2244 766 2309 erant,
792 2257 844 2294 sus
868 2245 961 2307 erunt,
985 2255 1035 2292 nee
1058 2255 1108 2290 un·

171 2318 187 2370 6
204 2339 288 2394 quum
308 2324 419 2397 debuit,
442 2325 518 2397 quod
545 2324 586 2380 illi
604 2323 704 2380 dimitti
720 2326 816 2396 possit.
855 2323 929 2388 Quid
947 2340 1014 2398 ergo
1030 2322 1109 2378 retri-

175 2439 177 2444 ·
204 2409 305 2466 buetur
322 2411 425 2468 nullius
452 2411 491 2467 rei
510 2411 620 2482 egenti,
645 2418 673 2466 et
689 2410 735 2466 eui
753 2428 809 2466 non
828 2417 870 2464 est
890 2410 964 2481 quod
982 2409 1043 2464 duri
1060 2415 1109 2464 sut

205 2491 305 2551 dimitti
329 2498 437 2568 possit?
473 2500 542 2554 Bor.
578 2497 621 2552 Ex
650 2514 706 2553 uns
731 2503 811 2567 parte
834 2495 915 2552 video
935 2494 1108 2552 retribuendi

203 2582 397 2638 ueoessitotem
422 2591 450 2639 et
472 2601 505 2640 ex
527 2583 617 2639 ultera
639 2582 907 2653 impossibilitatem
931 2582 997 2653 quis
1017 2588 1046 2636 et
1062 2597 1109 2635 ne·

204 2682 282 2722 oesse
299 2673 342 2723 est
356 2668 448 2724 Deum
468 2669 585 2724 reddere
604 2669 679 2739 quod
696 2667 786 2737 debet,
805 2675 833 2724 et
849 2684 905 2722 non
923 2675 966 2723 est
984 2667 1030 2722 oui
1047 2667 1108 2721 red·

172 2747 263 2808 idat
298 2755 367 2808 Ans.
396 2753 427 2810 Si
453 2759 532 2808 tanta
558 2759 586 2809 et
607 2760 665 2808 tum
686 2752 781 2808 debito
806 2769 909 2808 meroes
927 2769 979 2808 nee
998 2751 1040 2807 issi
1057 2769 1108 2808 neo

204 2837 254 2892 ulii
272 2835 410 2906 redditur,
433 2839 463 2894 in
485 2855 587 2894 venum
604 2839 693 2908 Filius
717 2843 825 2894 tantam
842 2854 902 2892 rem
917 2836 1017 2893 feoisse
1034 2838 1109 2892 vide·

172 2919 187 2971 8
205 2923 287 2980 bitur.
323 2926 393 2979 Bor.
411 2924 473 2980 Hoc
490 2925 569 2980 nefus
589 2931 631 2980 est
647 2923 802 2979 aestimare.
837 2925 908 2977 Aur.
928 2923 1050 2980 Necesse
1066 2929 1110 2979 est

205 3029 272 3083 erpo
290 3017 322 3068 ut
341 3009 428 3067 aliem
446 3011 494 3065 olii
512 3010 658 3078 reddetur,
681 3001 748 3080 (juia
768 3008 809 3062 illi
831 3026 889 3063 non
905 3015 1004 3079 potest
1039 3012 1108 3064 Bou

168 3090 188 3152 ,9
205 3095 407 3154 Inevitebiliter
430 3094 561 3167 sequitur.
607 3097 678 3151 Am.
715 3093 745 3150 si
767 3093 886 3149 voluerit
913 3094 1003 3148 Filius
1033 3091 1109 3164 quod

276 3353 300 3420 1)
320 3351 354 3406 In
370 3350 453 3406 Msor.
471 3350 522 3406 hio
535 3347 633 3420 incipit
650 3367 675 3404 o.
697 3355 736 3405 19.
