2616 3826
223 311 265 378 36
404 309 431 366 S.
449 307 619 366 ANSELMI
637 307 943 366 CANTUAROENSIS

222 479 356 549 tradioat,
384 478 450 550 quia
478 477 579 534 t'elsum
609 485 664 547 est3
695 477 748 534 nee
776 479 847 533 illud
876 484 971 534 tenere
997 478 1075 548 volo,
1104 480 1129 534 si

172 568 207 621 44
224 581 387 637 cognovero.
429 564 495 620 Sed-
508 564 532 618 si
558 565 588 619 in
615 566 670 619 illis
698 564 796 634 rebus,
822 565 858 619 ds
887 563 988 634 quibus
1019 563 1128 620 diversa

224 651 319 706 sundri
337 655 454 722 possunt
477 648 536 706 sine
557 649 695 721 periculo,
721 650 793 704 sieut
813 656 855 705 est
872 649 943 704 illud
960 650 1036 706 unde
1054 665 1130 704 nuno

222 737 333 807 agimus
350 765 382 776 -
401 735 515 792 sienim
534 736 687 805 nescimus,
712 741 806 791 utrum
827 736 920 807 plures
938 734 1062 790 homines
1081 735 1128 789 eli-

221 821 307 894 gendi
332 821 388 876 sint
414 837 497 892 quam
524 821 618 892 angeli
644 821 747 893 perditi
755 825 775 889 ¹)
802 838 839 876 an
861 837 930 890 non,
958 825 986 875 et
1009 820 1128 877 alterurn

221 906 320 963 horum
348 905 524 962 aestimamus
549 907 640 979 magis
666 923 750 978 quam
775 906 906 976 alterum3
933 905 1042 960 nullum
1058 912 1127 976 puto

222 1010 283 1048 esse
302 992 409 1047 animae
426 992 580 1062 perieulum
598 1012 647 1047 -ι
672 984 704 1061 si,
721 993 848 1064 inquam,
872 991 1029 1046 huiusmodi
1043 991 1127 1045 rebus

221 1079 271 1133 sie·
284 1078 445 1150 exponimus
466 1076 560 1131 divina
578 1077 666 1148 diota,
689 1083 721 1132 ut
739 1078 853 1134 diversis
871 1075 1015 1134 sententiis
1033 1074 1128 1130 favere

222 1163 382 1232 videantur,
406 1177 459 1216 nee
486 1162 589 1218 alieubi
611 1163 761 1233 invenitur,
786 1163 835 1218 ubi
852 1161 920 1234 quid
937 1160 1128 1216 indubitanter

221 1249 372 1305 tenendum
394 1246 430 1301 sit
454 1246 649 1318 determinent;
671 1267 727 1304 non
748 1249 867 1304 arbitror
891 1243 1055 1316 reprehendi
1081 1245 1127 1299 de-

170 1329 203 1380 45
221 1335 295 1391 bero.
342 1332 417 1386 Illud
446 1337 551 1401 autem,
582 1333 656 1404 quod
685 1334 795 1389 dixisti:
828 1334 968 1388 corastitus't
995 1331 1127 1385 terminos

216 1419 398 1490 populorum,
413 1434 463 1472 seu
480 1417 612 1487 gentium,
630 1419 708 1472 iusto
726 1437 870 1473 osumerum
885 1419 1048 1486 onustorum
1060 1417 1125 1483 Dei,

221 1504 297 1576 quud
319 1503 349 1558 in
374 1501 430 1557 alia
453 1502 662 1574 translation02)
688 1505 803 1576 legitur:
826 1506 905 1559 iaetu
928 1519 1071 1556 numerum
1091 1502 1126 1569 fi-

221 1592 325 1646 liorem
348 1589 462 1642 Israel:
493 1587 623 1660 quoniam
646 1589 743 1644 ambae
766 1589 962 1644 translationes
983 1593 1032 1643 aut
1051 1585 1126 1642 idem

219 1675 379 1748 significant
401 1678 450 1728 aut
472 1674 582 1730 diversa
606 1675 666 1731 sine
681 1674 887 1746 repugnantia,
909 1675 950 1730 its
972 1673 1127 1743 intelligen-

220 1763 286 1816 dum
305 1765 354 1829 est,
373 1764 405 1813 ut
423 1764 450 1814 et
467 1777 517 1830 per
536 1762 650 1832 angelos
667 1760 722 1816 Dei
741 1765 768 1815 et
783 1778 835 1832 per
845 1759 917 1814 filios
930 1760 1016 1814 Israel
1033 1755 1126 1832 augeli

219 1846 286 1902 boni
312 1843 502 1916 significentur
527 1846 731 1914 tantummodo,
758 1852 807 1901 aut
824 1847 876 1900 soli
894 1845 1018 1900 homines
1037 1841 1126 1911 elaoti,

220 1937 269 1987 aut
287 1930 369 1984 simul
386 1929 480 2000 angeli
498 1935 528 1984 et
548 1929 629 1984 eleeti
651 1930 788 1999 homines,
814 1936 875 1985 tota
899 1931 1006 1985 seilicet
1022 1929 1071 1982 illa
1088 1926 1125 1980 oi-

168 2012 202 2064 46
218 2019 290 2073 vitas
309 2031 438 2086 superna.
474 2014 534 2067 Aut
557 2029 608 2082 per
631 2016 744 2083 angelos
763 2015 818 2068 Dei
843 2015 934 2068 saneti
951 2012 1044 2085 angeli
1063 2017 1125 2066 tan-

219 2108 280 2158 tum
308 2105 337 2155 et
360 2115 410 2170 per
435 2097 508 2153 filios
535 2097 623 2151 Israel
649 2098 701 2154 soli
725 2098 849 2153 homines
875 2098 949 2152 iusti.
989 2097 1049 2151 Aut
1074 2097 1126 2151 soli

217 2269 293 2331 unde
318 2271 471 2342 accipimus
498 2268 633 2352 quiequid
655 2268 803 2350 sulubriter
826 2267 1051 2350 inagrioultura
1068 2267 1124 2322 Dei

217 2345 255 2400 ad
279 2342 441 2398 alimentum
467 2354 622 2393 ammarum
645 2354 825 2408 seminamus3
849 2344 921 2392 sieut
937 2354 994 2392 non
1013 2336 1068 2390 nisi
1089 2336 1124 2391 de

216 2413 313 2486 primis
328 2417 420 2466 terrae
439 2408 589 2464 seminibus
605 2406 755 2478 habemus,
778 2409 853 2480 quod
871 2408 908 2462 ad
924 2405 1124 2461 nutrimentum

217 2499 369 2562 corporum·
387 2495 582 2604 fflagamus.
613 2475 768 2558 ‘Siquidem
793 2477 866 2530 ntttt
889 2475 995 2530 utiliter
1019 2474 1055 2529 ad
1081 2491 1124 2528 sa·

216 2552 304 2607 lutem
327 2568 360 2620 sp
455 2565 499 2602 em
523 2545 732 2618 praedicamus,
757 2546 832 2617 quod
856 2545 948 2599 Sucro
974 2543 1124 2614 Seraptura

217 2621 335 2691 Spiritus
356 2618 383 2674 S.
401 2615 535 2672 miraculo
556 2614 726 2671 foecundata
742 2632 799 2669 non
821 2612 966 2684 protulerit
984 2618 1032 2666 aut
1048 2614 1123 2666 intra

215 2705 322 2744 senon
345 2686 509 2741 contineat“
544 2685 665 2739 'Irmtat
685 2686 720 2737 de
743 2684 902 2738 Concordia
923 2681 1045 2736 Gratiae
1064 2680 1124 2734 Det

216 2775 278 2810 oum
296 2756 384 2809 libero
406 2753 526 2807 arbitrio
544 2769 567 2807 e.
586 2760 610 2809 6.
637 2782 671 2793 -
696 2751 752 2808 Ofr.
770 2753 932 2806 Eudmerus
949 2751 985 2805 de
1006 2750 1073 2806 Vita
1093 2748 1120 2804 S.

214 2823 341 2880 Ansolmi
357 2823 389 2877 L.
411 2828 433 2878 1.
453 2839 481 2891 p.
499 2827 523 2876 5.
541 2822 584 2876 ed.
604 2822 708 2876 Maur:
734 2820 861 2890 „Divinis
884 2819 1034 2891 seripturis
1057 2825 1120 2873 tan·

213 2900 272 2950 tam
296 2892 379 2948 tidem
406 2889 571 2959 adhibebat,
602 2896 635 2945 ut
660 2888 847 2945 indissolubili
871 2887 1003 2943 firmitate
1029 2886 1120 2942 eordis

213 2964 339 3020 erederet
360 2961 430 3016 nihil
451 2959 481 3013 in
507 2959 546 3013 eis
572 2976 645 3029 esse,
673 2958 748 3029 quod
763 2959 866 3014 solidae
884 2957 1007 3014 veritatis
1024 2955 1118 3010 nami-

212 3037 270 3088 tem
295 3029 458 3087 ullomodo
485 3029 579 3084 exiret.
615 3029 791 3098 Quapropter
811 3043 917 3082 summo
942 3024 1034 3081 studio
1060 3040 1119 3077 am-

211 3118 288 3155 mum
316 3097 353 3154 ad
381 3100 434 3153 hoo
459 3094 631 3166 intenderat,
662 3102 798 3167 quatenus
824 3097 903 3151 iuxta
927 3094 1011 3149 fidem
1039 3108 1119 3146 suam

212 3169 312 3225 mentis
329 3168 436 3223 ratione
460 3172 610 3220 mereretur
631 3164 787 3236 percipere,
811 3182 883 3238 quae
899 3165 929 3219 in
945 3163 1013 3235 ipsis
1032 3161 1119 3216 sensit

211 3237 301 3294 multa
317 3237 438 3308 ealigine
454 3240 528 3289 teuta
546 3234 658 3289 latere.“

282 3308 310 3446 13
346 3325 411 3429 Ἕω
428 3305 484 3358 siut
502 3321 569 3372 aoy.
583 3304 668 3374 perd.
684 3303 792 3361 Aabo
808 3302 836 3358 Er
852 3303 905 3358 Fa
917 3297 1078 3368 -rsprott
1087 3296 1120 3352 B.

281 3380 297 3430 2
384 3379 459 3446 gata.
1117 3389 1120 3398 ’
