2616 3826
326 1057 366 1176 S.
402 1055 632 1174 lNSllllll
676 1052 1100 1174 CANTUlRlllNSlS

491 1327 643 1400 LIBER
676 1325 928 1400 SECUNDUS

403 1543 539 1612 OUR
585 1543 775 1609 DEUS
822 1543 1027 1611 HOMO.

613 1787 823 1798 ...ιι-...ι--ι

229 1959 241 2009 1
342 1922 380 2008 1ο
432 1953 589 2006 Amabam.
613 1953 790 2008 Rationalem
806 1958 934 2006 naturam
951 1968 970 2006 a
986 1950 1048 2006 Deo
1067 1948 1172 2006 factam

261 2055 322 2096 eene
343 2039 461 2105 iustam,
486 2042 519 2090 ut
543 2037 592 2090 illo
616 2037 734 2091 sinendo
758 2037 843 2092 beata
861 2041 945 2104 esset,
974 2036 1096 2091 dubitari
1114 2055 1172 2092 non

261 2122 352 2178 debet
386 2121 456 2174 Ideo
481 2136 602 2190 namque
628 2119 772 2174 rationalis
798 2125 856 2188 est,
881 2124 914 2172 ut
941 2119 1079 2176 discernat
1099 2123 1173 2178 inter

260 2208 365 2262 iustum
383 2211 413 2260 et
428 2203 576 2273 iniustum,
599 2203 672 2259 inter
688 2205 792 2260 bonum
810 2211 839 2259 et
855 2203 973 2275 malum,
992 2205 1065 2260 inter
1080 2209 1172 2264 maius

261 2293 366 2350 bonum
389 2295 418 2346 et
439 2289 531 2344 minue
556 2289 675 2359 bonum3
706 2291 830 2363 alioquin
861 2291 965 2346 frustm
991 2290 1069 2348 faeta
1097 2297 1172 2348 esset

226 2377 411 2436 lrationalie.
448 2375 502 2431 Sed
520 2375 597 2432 Deus
618 2391 675 2431 non
698 2376 765 2432 feeit
788 2395 849 2434 eam
871 2375 1034 2432 rationalem
1059 2377 1172 2432 fniema.

262 2466 355 2532 Quare
378 2464 414 2518 ad
437 2462 490 2517 hoo
509 2479 571 2518 eam
593 2460 698 2516 factam
722 2481 783 2519 esee
803 2463 967 2519 rationalem
985 2463 1101 2518 dubium
1115 2479 1173 2516 non

262 2557 312 2606 est.
348 2549 437 2607 Simili
463 2549 571 2604 ratione
593 2548 744 2620 probatur,
773 2550 839 2622 quia
866 2549 903 2603 ad
927 2549 980 2604 hoo
998 2547 1107 2619 accepit
1123 2565 1173 2618 po·

261 2641 391 2691 testatem
423 2633 598 2690 discernendi
624 2640 657 2688 ut
687 2634 791 2690 odisset
819 2641 847 2690 et
879 2635 981 2691 vitaret
1007 2634 1111 2688 malum
1138 2649 1172 2686 aa

262 2728 369 2774 amaret
398 2725 427 2774 et
458 2719 575 2792 eligeret
596 2719 716 2790 bonum,
743 2727 828 2792 atque
849 2720 939 2775 maius
961 2721 1065 2776 bonum
1082 2718 1173 2790 magis

229 2802 393 2874 3diligeret
420 2809 449 2858 et
475 2805 598 2877 eligeret.
644 2805 735 2862 Aliter
760 2823 881 2878 namquo
903 2804 1073 2862 finenailli
1090 2803 1171 2858 Deus

263 2888 385 2944 dedisset
412 2895 579 2960 potestatem
606 2889 683 2944 illam
709 2890 897 2959 discernendi,
925 2890 992 2962 quia
1017 2890 1046 2944 in
1069 2905 1173 2942 vanum

263 2975 447 3046 discerneret,
478 2975 502 3029 si
532 2975 685 3030 seeundum
712 2975 906 3030 discretionem
933 2993 989 3030 non
1014 2977 1119 3028 amaret
1145 2977 1175 3028 et

262 3062 370 3118 vitaret.
406 3059 462 3116 Sed
488 3076 545 3115 non
570 3062 712 3128 convenit,
738 3067 770 3114 ut
786 3061 865 3116 Deua
881 3067 989 3116 tantam
1006 3064 1173 3131 potestatem

228 3148 367 3202 lirnatra
384 3145 502 3201 dederit.
535 3147 582 3200 Ad
605 3147 658 3200 hoe
679 3147 775 3216 itaque
799 3145 902 3201 foetam
927 3163 986 3202 eise
1008 3143 1173 3200 rationalem

261 3239 391 3288 naturam
417 3236 523 3286 eertum
548 3236 603 3300 est,
629 3237 661 3286 ut
683 3247 820 3287 summum
843 3231 949 3288 bonum
972 3247 1056 3300 super
1080 3228 1174 3284 omnia

262 3325 368 3374 amaret
404 3324 433 3373 et
465 3316 594 3387 eligeret,
627 3333 684 3371 non
719 3323 833 3388 propter
868 3315 945 3371 aliud
979 3313 1029 3367 sed
1059 3317 1174 3384 propter

260 3401 366 3472 ipsum3
395 3401 419 3454 si
448 3400 523 3456 enim
550 3404 664 3470 propter
692 3399 781 3467 aliud,
813 3418 869 3456 non
900 3398 991 3468 ipsum
1016 3398 1066 3452 sed
1095 3395 1173 3454 aliud
