2616 3826
350 315 428 395 cur
445 337 546 397 onus
566 339 685 402 nouo,
720 341 758 398 ιι.
778 347 842 399 ιιι
858 340 885 396 s.
1033 315 1073 410 ιι

168 507 256 564 vitam
279 519 358 565 suam
381 515 413 567 ut
442 529 585 582 nunquam
614 517 780 581 moreretur,
811 509 994 567 dubitandum
1018 516 1098 568 non'

171 599 214 648 est
233 595 298 667 quia
316 614 423 668 sempor
445 595 572 670 habaiu)
591 597 762 671 'potestatem
786 597 927 666 servandi;
949 598 1074 670 quamvis

169 681 324 752 nequiverit
341 683 413 740 velle
431 700 549 752 servare,
566 690 598 738 ut
614 677 757 755 nunquam
774 688 938 752 moreretur;
963 687 991 738 et
1008 701 1075 756 quo-

170 765 245 822 niam
264 767 317 824 hoo
343 786 361 824 a
381 769 472 840 seipso
494 769 593 824 habuit
614 775 647 824 ut
670 767 777 824 scilicet
801 767 873 822 velle
898 785 955 823 non
972 774 1074 840 posset,

170 869 226 907 non
242 854 406 911 necessitate
425 855 475 910 sed
492 853 581 910 libera
599 859 736 926 potestate
748 853 868 911 animam
882 871 960 908 suam
972 853 1074 923 posuit.

170 937 240 993 Bor.
274 931 339 996 No'n
360 941 471 995 omnino
495 941 597 996 similes
615 939 728 996 fuerunt
753 939 782 994 in
799 938 847 994 illo
865 939 935 995 istae
953 940 1107 1010 potesta-7

168 1029 220 1092 tes,
240 1025 390 1081 mentiendi
414 1026 520 1082 seilicet
544 1032 573 1080 et
590 1023 718 1081 servandi
745 1023 840 1080 vitam.
874 1025 920 1078 Ibi
939 1025 1012 1082 enim
1032 1043 1074 1082 se·

169 1111 271 1182 quitur,
291 1111 358 1184 quia
376 1111 400 1166 si
420 1112 513 1182 vellet,
531 1118 625 1184 posset
642 1109 768 1182 montiri3
785 1110 831 1164 hic
845 1117 938 1166 autem
954 1111 1074 1181 videtur,

170 1197 236 1266 quia
255 1195 279 1250 si
297 1197 366 1251 mori
385 1214 441 1251 non
458 1197 587 1264 vellet,²)
610 1213 667 1251 non
686 1195 774 1268 magis
791 1197 845 1251 hoc
861 1202 967 1267 posset,
991 1213 1074 1267 quam

168 1287 262 1350 posset
288 1299 344 1338 non
368 1299 428 1337 esse
452 1283 611 1354 quoderat.
646 1283 719 1339 Nam
737 1282 774 1337 ad
794 1281 846 1335 hoc
865 1287 925 1337 erat
940 1281 1022 1336 homo
1042 1271 1106 1335 ut8
1198 1352 1201 1358 Ι

170 1374 328 1437 moreretur,
348 1375 376 1422 et
393 1375 506 1440 propter
521 1368 604 1425 huius
623 1370 733 1425 futurae
751 1366 845 1423 mortis
862 1365 946 1422 fidem
965 1366 998 1422 do
1010 1365 1073 1423 Vir-⁴

170 1454 234 1526 gine
250 1453 342 1532 potuit
360 1454 478 1518 assumi,
501 1454 574 1510 sicut
592 1472 677 1526 supra
695 1453 796 1508 dixisti.
831 1454 901 1508 Aac.
937 1442 1107 1517 euenor-9

71 1569 73 1572 ·
168 1539 281 1593 modum
296 1545 379 1610 putas
403 1541 483 1595 illum
511 1559 567 1595 non
586 1539 709 1612 potuisse
726 1557 782 1593 non
802 1538 871 1592 mori
890 1544 939 1592 aut
956 1537 1074 1592 necessi-

169 1629 228 1678 tate
248 1629 387 1678 mortuum
406 1642 474 1694 esse,
493 1627 631 1697 quianon
648 1624 741 1694 potuit
757 1640 812 1678 non
833 1640 893 1678 esse
910 1621 985 1692 quod
999 1627 1074 1700 erat3

169 1709 211 1762 ita
230 1715 308 1780 potes
328 1724 449 1764 asserere
467 1709 546 1763 illum
564 1725 620 1763 non
638 1708 762 1780 potuisse
778 1707 851 1763 velle
867 1725 922 1762 non
939 1706 1009 1761 mori
1026 1711 1075 1760 aut

168 1794 333 1850 necessitate
357 1795 426 1848 mori
448 1787 583 1864 voluisse,
611 1793 742 1866 quoniam
763 1793 838 1864 quod
861 1798 921 1847 erat
941 1809 997 1846 non
1015 1807 1075 1846 esse

136 1944 139 1952 Ι
168 1898 225 1939 non
249 1879 355 1950 potuit,
384 1897 439 1934 non
462 1879 533 1936 enim
557 1879 646 1951 magis
670 1878 730 1948 ipse
749 1874 840 1934 sactus
864 1869 916 1931 est'
930 1876 1011 1932 homo
1025 1875 1074 1930 'ad

167 1967 220 2022 hoc
245 1972 277 2021 ut
304 1970 463 2032 moreretur,
493 1979 577 2035 quam
607 1969 639 2028 ut
668 1963 753 2018 vellet
786 1962 862 2018 mori.
899 1961 1074 2033 Quapropter
1094 1955 1126 2006 ¹⁰

168 2052 241 2108 sicut
255 2069 311 2107 non
324 2051 408 2106 debes
421 2048 520 2118 dicere,
540 2049 606 2120 quia
622 2066 679 2104 non
687 2049 781 2124 'potuit
792 2065 848 2103 non
861 2049 932 2104 velle
943 2048 1012 2103 mori
1024 2053 1073 2102 aut
1148 2055 1149 2058 ’

167 2137 332 2194 necessitate
350 2135 438 2190 voluit
455 2135 539 2201 mori,
559 2135 599 2190 sic
617 2152 674 2189 non
692 2141 734 2190 est
751 2135 913 2204 dicendum,
935 2132 1074 2205 quianon

168 2223 260 2292 potuit
270 2241 326 2277 non
338 2213 407 2277 mor'i
419 2227 469 2277 aut
479 2222 644 2277 necessitate
655 2228 779 2277 mortuus
790 2227 837 2276 est
856 2221 923 2274 Bos.
937 2219 996 2273 Imo
1007 2235 1073 2289 quo·
1092 2213 1123 2264 11

169 2307 243 2360 niam
257 2309 345 2364 eidem
360 2307 506 2363 subiacent
517 2307 625 2374 rationi,
638 2308 743 2362 scilicet
757 2306 862 2362 etmori
875 2312 903 2360 et
913 2305 984 2360 velle
995 2303 1072 2372 mori,

138 2407 140 2416 ¹
169 2395 317 2463 utrumque
333 2393 445 2448 videtur
461 2389 490 2445 in
510 2392 558 2448 illo
575 2392 740 2448 necessitate
753 2390 845 2446 fuisse.
872 2392 942 2444 Aac.
960 2389 1028 2454 Quis
1043 2404 1073 2442 se
1092 2383 1124 2436 12

79 2490 82 2499 ‘
170 2482 269 2546 sponte
286 2478 374 2533 votuit
384 2478 521 2535 hominem
533 2477 633 2548 facere,
648 2483 679 2533 ut
692 2477 788 2532 eadem
801 2473 966 2530 immutabili
977 2474 1072 2528 volun·

168 2564 227 2615 tate
251 2566 418 2632 moreretur,
444 2569 473 2617 et
500 2569 551 2634 per
577 2562 658 2616 huius
683 2561 766 2618 fidem
794 2557 967 2615 certitudinis
983 2558 1072 2630 Virgo

169 2646 274 2700 munda
291 2644 376 2718 fieret,
395 2647 429 2702 de
450 2665 506 2721 qua
520 2647 602 2702 homo
615 2646 662 2703 ille
674 2646 879 2702 assumeretur?
907 2647 976 2699 Bos.
994 2643 1072 2698 Deus
1123 2645 1130 2653 “

168 2730 258 2785 Filius
275 2730 351 2786 Dei.
373 2733 442 2786 Ass.
467 2731 567 2788 Nonne
586 2739 768 2788 monstratum
787 2738 829 2788 est
846 2748 945 2804 supra,
953 2733 974 2799 ³)
999 2729 1073 2802 quod
1093 2730 1124 2782 13

169 2813 224 2870 Dei
245 2816 372 2872 voluntas
398 2817 477 2874 nulla
502 2815 611 2888 cogitur
635 2819 816 2888 necessitate,
849 2817 935 2872 sed'
927 2833 986 2888 rpse
1014 2815 1130 2882 set)

169 2905 324 2970 spontanea
341 2917 391 2955 sua
412 2908 503 2958 servat
521 2901 753 2972 immutabilitate,
773 2903 886 2975 quando
905 2901 1006 2956 dititur
1023 2899 1072 2954 ali·

88 2993 92 3004 ’
170 2984 237 3056 quid
264 2985 430 3040 necessitate
458 2986 569 3042 facere?
604 2989 672 3041 Boc.
707 2986 781 3043 Vere
814 2991 995 3043 monstratum
1023 2987 1072 3036 est

237 3191 266 3257 1)
285 3191 414 3244 istosne
431 3192 459 3244 A
473 3208 497 3246 a.

235 3261 263 3328 2)
281 3261 355 3314 mori
370 3277 426 3314 ιιοιι
442 3262 524 3315 vellet
540 3260 648 3317 Aa-
667 3277 723 3316 ooo
742 3277 816 3315 mort
811 3258 921 3312 &ostra

235 3333 262 3468 11
280 3334 376 3470 ipsis
364 3397 564 3455 seAach
585 3397 648 3456 OE
670 3397 732 3454 Fa.
