2616 3826
230 311 274 388 ot
371 303 373 314 '
410 330 437 386 s.
454 325 624 390 mennon
642 327 947 431 ommsamssrs

230 502 432 561 beatitudinem
457 517 513 556 non
534 499 654 572 pertinet
679 499 852 555 commodum
877 502 956 572 quod·
969 500 1054 558 hebet
1070 503 1133 574 quis

231 595 329 646 eonor
344 588 531 652 voluntatem,
549 586 590 641 ita
605 603 661 641 non
681 591 723 642 est
738 585 849 642 miseris
867 587 1073 657 apprehendere
1090 603 1134 642 sa·

230 675 339 746 pienter
363 673 441 728 nulla
466 671 631 728 necessitate
663 671 777 743 aliquod
804 671 1007 728 incommodum
1037 689 1133 728 seeun-

227 757 298 822 ¹dum
317 759 496 814 voluntatem.
531 760 599 812 Bos.
618 755 833 812 eoncedendum
850 761 900 813 est.

179 915 212 988 Ἰ
309 897 378 983 13.
425 932 493 984 Bos,
510 927 616 984 Verum
633 927 662 981 in
680 925 924 981 hsosimilitudine
936 944 1020 999 qnam
1031 926 1133 984 habere

231 1015 314 1075 debet
338 1030 407 1069 oum
428 1012 596 1083 hominibus,
623 1011 682 1083 dio,
705 1017 799 1067 utrum
821 1011 1006 1084 ignorantiam
1024 1029 1134 1085 quoque

195 1101 305 1158 inient
321 1100 390 1155 alias
410 1097 582 1154 infirmitates
599 1103 707 1153 nostras
720 1097 864 1152 habiturus
883 1097 939 1152 sit?
968 1099 1039 1155 Aoo.
1059 1098 1134 1164 Quid

230 1185 342 1242 dubitas
365 1185 401 1240 de
422 1184 498 1253 Deo,
529 1191 623 1240 utrum
646 1184 683 1241 sit
705 1184 797 1240 omnia
820 1182 929 1239 sciens?
964 1185 1032 1239 Bos.
1061 1182 1134 1249 Quia

214 1269 356 1344 quamvis
375 1269 411 1324 sit
428 1269 589 1326 immortalis
613 1269 722 1326 iuturus
747 1287 780 1326 ex
805 1269 899 1324 divina
923 1273 1035 1339 natura,
1063 1286 1133 1324 mor

229 1355 294 1410 talis
312 1360 406 1410 temen
423 1355 474 1410 erit
499 1372 533 1411 ex
547 1355 675 1411 hnmana.
712 1355 785 1412 Nam
804 1372 853 1410 our
869 1371 926 1409 non
944 1353 1069 1410 similiter
1085 1372 1133 1425 po·

184 1501 187 1508 .
229 1439 296 1496 terit
313 1438 369 1494 illis
387 1439 469 1495 homo
493 1457 554 1497 esse
577 1457 642 1496 vere
669 1440 814 1512 ignorans,
840 1437 912 1494 siout
930 1456 994 1494 vere
1010 1439 1133 1494 mortalis

195 1519 302 1580 3erit‘?
337 1523 407 1578 Aoo.
442 1522 496 1578 lile
513 1523 631 1579 hominis
651 1524 782 1580 assumtio
800 1524 829 1578 in
846 1523 981 1578 unitatem
999 1539 1134 1593 personae

229 1609 284 1665 Dei
301 1624 358 1662 non
374 1607 429 1663 ni'si
451 1607 590 1679 sapienter
611 1626 634 1665 a
658 1626 766 1664 summa
785 1607 921 1679 sapientia
937 1606 1000 1675 fiet3
1025 1610 1054 1662 et
1071 1605 1134 1661 ideo

229 1712 286 1750 non
312 1699 434 1749 assumet
464 1695 493 1749 in
522 1694 647 1764 homine,
678 1695 752 1767 quod
780 1694 857 1749 nullo
882 1692 964 1748 modo
985 1692 1054 1748 utile
1084 1691 1133 1748 sed

228 1779 311 1836 valde
335 1780 447 1835 noxium
469 1787 511 1836 est
536 1782 572 1835 ad
599 1798 682 1851 opus,
709 1780 784 1852 quod
808 1779 881 1834 idem
904 1778 987 1834 homo
1008 1776 1134 1833 foeturas

195 1864 291 1920 dest,
314 1863 476 1936 Ignorantia
501 1882 620 1938 namque
646 1867 681 1920 ad
705 1865 823 1920 nihilum
841 1863 882 1918 illi
899 1863 976 1919 utilis
995 1870 1066 1918 esset
1083 1863 1133 1919 sed

229 1951 266 2005 ad
284 1951 371 2005 mults
387 1950 484 2018 noxia;
508 1951 645 2021 quomodo
671 1950 744 2006 enim
762 1956 803 2005 tot
820 1955 848 2004 et
865 1955 944 2004 tants
960 1966 1044 2026 opera
1062 1965 1134 2020 quae

227 2035 352 2089 feotsmns
370 2039 420 2102 est,
439 2033 525 2089 faciet
541 2035 602 2090 sine
621 2052 728 2089 summa
746 2033 903 2104 sapientie?
929 2041 978 2089 aut
995 2034 1133 2105 quomodo

194 2116 211 2167 t
229 2118 271 2172 illi
287 2119 411 2173 homines
430 2118 557 2188 credent,
583 2119 607 2172 si
628 2136 691 2173 eum
708 2119 796 2174 soient
813 2117 956 2172 nescium?
992 2118 1021 2174 si
1040 2125 1134 2172 autem

228 2201 366 2273 nescient,
391 2202 427 2257 ad
447 2201 514 2273 quid
532 2202 584 2259 erit
601 2201 627 2259 ei
650 2203 726 2258 utilis
744 2203 901 2276 ignorantie
918 2203 985 2258 illa?
1020 2203 1131 2261 Deinde

228 2289 252 2343 si
275 2287 345 2343 nihii
370 2294 477 2343 amatur
500 2289 554 2344 nisi
580 2289 655 2359 quod
678 2290 868 2362 cognoscitur3
894 2288 965 2345 siout
987 2289 1055 2344 nihil
1081 2291 1134 2346 erit

228 2375 295 2432 boni
312 2375 387 2447 quod
405 2391 460 2429 non
478 2382 559 2446 amet,
581 2376 621 2432 ita
640 2375 747 2430 nullum
769 2375 870 2431 bonum
893 2374 945 2430 erit
962 2375 1036 2447 quod
1055 2374 1133 2448 igno·

194 2461 276 2516 tres
312 2460 421 2516 Bonum
447 2466 539 2518 autem
562 2479 643 2518 nemo
665 2460 787 2531 perfecte
810 2459 886 2515 novit
911 2459 966 2514 nisi
990 2461 1038 2532 qui
1061 2461 1132 2516 iliud

227 2562 246 2600 a
270 2546 343 2600 maio
366 2547 420 2601 seit
441 2548 609 2616 disoernere;
636 2548 709 2620 hane
729 2563 839 2617 quoque
860 2545 1052 2603 discretionem
1071 2547 1133 2601 nul-

194 2630 271 2685 ilns
300 2631 353 2686 soit
373 2631 485 2703 'faeere,
520 2634 567 2705 qui
593 2633 698 2687 malum
727 2632 843 2703 ignorat.
879 2631 957 2687 Sient
979 2633 1065 2705 igitur
1083 2633 1134 2688 illo

228 2714 264 2769 de
283 2730 339 2785 quo
356 2716 507 2787 loquimur,
533 2736 613 2775 omne
636 2718 758 2789 perfecte
782 2717 851 2772 sciet
874 2717 990 2789 bonum,
1014 2719 1054 2773 its
1071 2719 1137 2774 nnlr

226 2797 285 2853 lum
304 2799 442 2870 ignorabit
459 2802 568 2856 maium.
603 2801 719 2858 Omnem
745 2800 832 2874 igitur
848 2802 961 2860 hebebit
978 2803 1129 2873 seientiam,

228 2884 352 2956 quamvis
383 2902 445 2942 eam
474 2888 587 2958 publice
616 2887 646 2942 in
676 2886 818 2943 hominum
843 2888 1050 2944 conversatione
1075 2907 1132 2944 non

194 2971 363 3027 Sostendat
399 2973 466 3026 Bos.
496 2972 558 3028 Hoo
575 2973 604 3028 in
623 2972 725 3028 maiori
743 2979 834 3029 aetate
853 2973 893 3028 ita
910 2974 1032 3043 videtur,
1058 2973 1136 3028 siout

227 3055 311 3127 diois;
329 3055 379 3112 sed
395 3055 425 3110 in
440 3055 571 3127 infantia,
585 3058 668 3113 siout
690 3074 746 3112 non
774 3057 827 3112 erit
848 3063 958 3130 tempus
978 3074 1129 3130 congruum

227 3148 259 3198 ut
275 3143 305 3196 in
321 3141 369 3198 illo
389 3148 524 3218 appareat¹
547 3143 699 3214 sapientia,
720 3142 761 3197 ita
783 3160 839 3198 non
864 3144 916 3200 erit
934 3161 1003 3216 opus
1022 3149 1050 3198 et
1066 3142 1136 3205 ideo

184 3233 209 3284 ‘9
226 3244 278 3283 neo
296 3245 447 3300 congruum
465 3233 497 3282 ut
515 3224 591 3283 illam
607 3221 718 3286 habeat.
753 3231 823 3284 Aoo.
851 3229 949 3287 Nonne
969 3230 1039 3300 dixi,
1063 3228 1129 3302 quia

226 3312 364 3383 sapienter
390 3313 440 3368 fiet
462 3314 512 3368 illa
534 3313 707 3372 incarnatio?
743 3313 888 3386 Sapienter
909 3331 1028 3388 namque
1053 3332 1136 3369 assu·-

167 3453 170 3464 ,
225 3405 282 3455 met
297 3399 375 3456 Deus
392 3399 603 3470 mortalitatem,
622 3395 677 3471 qna¹
697 3400 848 3473 sapienter,
870 3401 936 3473 qnia
953 3399 1036 3458 valde
1053 3399 1126 3456 utili·
