2616 3826
236 295 280 370 qo
403 239 980 357 xsuuesunorrarrmurnus1s'

237 469 290 524 noo
317 465 400 522 modo
426 465 523 522 uoluit
559 455 631 522 uon
657 469 698 522 et'
716 465 911 522 inconveniens
939 455 1052 522 videtur
1081 474 1143 524 ease

199 547 202 553 ’
237 552 312 622 Deo,
335 552 474 608 hominem
500 551 553 607 hoe
576 551 658 606 modo
673 551 817 619 -aalvasse3
845 565 896 606 neo
919 557 1051 624 apparet,
1074 552 1142 624 quid

163 635 165 638 ’
187 639 220 689 23
238 652 310 692 mors
333 637 382 694 illa
406 637 500 693 valeat
520 636 557 692 ad
582 637 746 692 salvandum
768 635 915 693 hominem.
949 637 1052 694 Mirum
1068 640 1143 694 anim

231 730 295 792 est,
318 724 343 778 si
361 723 440 778 Deus
457 715 507 777 sio¹
522 720 676 776 delectatur
695 728 745 777 aut
769 728 834 794 eget
856 722 992 794 sanguine
1013 723 1142 779 innocen·

237 811 288 874 tis,
311 815 344 872 ut
361 825 417 864 non
443 808 497 863 nisi
521 805 666 862 interfecto
692 823 725 863 eo
749 824 863 878 paruero
887 807 956 863 velit
981 813 1031 862 aut
1054 809 1143 878 possit

187 899 221 950 24
237 895 356 952 nocenti.
391 895 458 949 Ana.
494 891 631 956 Quoniam
654 891 759 964 aooipis
780 895 810 948 in
829 894 883 948 hae
901 892 1063 964 quaestione
1078 907 1141 964 per-
1170 921 1187 932 »-

179 983 182 993 ’
238 973 342 1036 sonam
361 997 468 1048 eorum,
494 977 543 1048 qui
570 977 681 1032 eredere
706 977 776 1032 nihil
799 978 897 1034 volunt
921 977 976 1033 nisi
999 993 1142 1049 praemon-

233 1071 325 1121 strata
342 1066 463 1133 ratione,
488 1063 551 1118 volo
575 1068 668 1118 tenum
685 1063 805 1133 pacisci,
827 1069 859 1118 ut
874 1061 982 1118 nullum
1000 1063 1044 1119 vel
1062 1062 1142 1118 taini·

231 1165 312 1206 *mum
329 1149 526 1207 inconveniens
543 1147 573 1202 in
590 1147 653 1204 Deo
674 1163 692 1202 a
714 1148 796 1205 nobis
819 1149 988 1220 aooipiatur‚
1013 1154 1042 1204 et
1064 1148 1143 1204 nulla

178 1241 219 1294 '²5
230 1237 281 1292 sei
298 1237 412 1290 minima
427 1235 514 1302 ratio‚·
532 1233 557 1288 si
574 1235 664 1288 maior
675 1251 732 1289 non
750 1239 897 1305 repugnat,
913 1234 1064 1290 roiieiatur.
1099 1233 1142 1289 si·-

237 1327 287 1377 out
308 1321 380 1376 euim
408 1321 438 1374 in
462 1319 524 1374 Deo
550 1320 754 1390 quantumlibet
775 1324 920 1391 parvum¹)
946 1319 1144 1375 inconveniens

237 1405 362 1477 sequitur
379 1403 602 1476 impossibilitas3
630 1405 671 1460 ita
693 1406 898 1477 quantumlibet
921 1422 1037 1477 parvam
1059 1404 1141 1461 r'atio·

179 1482 182 1490 ’
236 1507 315 1558 nem,
352 1492 375 1547 si
412 1489 510 1546 maiori
542 1503 599 1544 non
633 1487 767 1568 vincitur,
803 1492 950 1546 comitatur
985 1491 1142 1547 necessitas

186 1586 219 1636 26
237 1577 305 1632 Bos.
341 1578 418 1634 Nihil
436 1577 465 1632 in
493 1577 546 1631 hae
568 1592 599 1631 re
622 1575 754 1632 hirsutius
780 1578 902 1649 aooipio,
930 1591 1013 1648 quam
1035 1582 1068 1630 ut
1089 1575 1143 1629 hoo

186 1671 219 1722 27
237 1666 350 1735 paetum
376 1663 449 1719 inter
475 1680 526 1718 nos
549 1662 731 1719 communiter
751 1669 882 1718 servetur.
927 1665 995 1717 Ana.
1030 1660 1081 1716 De*
1095 1661 1142 1714 *in-

237 1750 396 1805 carnatione
417 1749 472 1804 Dei
493 1754 604 1804 tantum
633 1753 661 1802 et
685 1749 720 1804 de
741 1749 784 1802 his
806 1765 879 1820 quae
902 1749 937 1804 de
952 1747 1002 1802 illo
1020 1752 1143 1802 assumto

186 1844 218 1895 28
236 1833 347 1891 homine
366 1835 513 1904 oredimus,
532 1833 657 1906 quaestio
675 1839 724 1889 est.
759 1837 827 1889 Bos.
851 1834 897 1888 Ita
914 1839 964 1889 est
999 1833 1069 1887 Ana.
1089 1831 1143 1885 Po·

236 1935 334 1977 namus
353 1937 420 1992 ergo
438 1922 496 1978 Dei*
515 1919 735 1976 incarnationem
755 1924 784 1973 et
807 1930 880 1990 quae
906 1919 941 1972 de
958 1917 1008 1972 illo
1026 1917 1142 1972 dicimus

235 2007 359 2075 homine,
386 2023 538 2076 numquam
564 2005 667 2072 fuissem
696 2010 725 2060 et
741 2010 849 2060 constet
877 2005 950 2058 inter
975 2019 1027 2058 nos
1057 1999 1142 2056 homi·
1192 2059 1197 2072 ,

236 2107 301 2145 nem
318 2106 379 2144 esse
393 2090 500 2143 fastum
518 2089 555 2143 ad
573 2087 789 2159 beatitudinem,
809 2102 881 2160 quae
899 2087 929 2142 in
950 2087 1003 2141 hao
1019 2087 1078 2140 vita
1093 2085 1142 2140 ha

236 2175 297 2232 beri
320 2191 376 2230 non
404 2179 512 2244 potest,
537 2190 589 2229 neo
613 2173 649 2228 ad
674 2171 751 2226 illam
775 2187 857 2243 posse
879 2170 1023 2243 pervenire
1047 2183 1142 2239 quorn-

177 2285 180 2292 ·
236 2277 320 2331 quam
344 2258 399 2312 nisi
423 2257 543 2312 diminuis
566 2257 704 2328 peccatis,
727 2273 779 2312 neo
799 2257 888 2312 ullum
909 2255 1047 2310 hominem
1070 2252 1142 2308 hano

236 2345 322 2400 vitain
339 2344 459 2399 transim
477 2343 537 2398 sine
554 2349 681 2414 peceato,
707 2349 735 2398 et
752 2341 807 2397 alia
824 2356 941 2413 quorum
957 2339 1027 2394 fides
1045 2339 1081 2394 ad
1100 2355 1143 2393 sa·

186 2432 324 2487 291uten
355 2437 495 2486 aeternam
521 2429 678 2484 necessaria
707 2433 757 2483 est.
806 2428 875 2480 Bos.
909 2425 954 2481 Ita
980 2423 1043 2496 fiat3
1075 2424 1142 2497 quia

179 2514 182 2524 ’
236 2515 305 2573 nihil
328 2517 359 2571 in
383 2516 428 2569 his
452 2513 648 2570 inconveniens
675 2519 725 2568 aut
748 2510 1001 2584 impossibilevDeo
1023 2510 1142 2565 videtur.

237 2605 306 2657 Am.
334 2600 499 2658 Necessaria
521 2605 564 2656 est
586 2599 673 2670 igitur
690 2596 795 2652 homini
812 2601 989 2665 peecatorum
1007 2594 1140 2662 remissio,

237 2693 269 2742 ut
300 2687 337 2740 ad
367 2685 568 2743 beatitudinem
598 2682 750 2756 pervemat
796 2681 866 2735 Bos.
901 2679 946 2736 Sia
976 2695 1070 2736 omnes
1094 2684 1142 2752 te·

195 2777 197 2782 “
235 2781 341 2827 nemus.
594 2790 597 2798 ¹

205 3043 217 3095 1
316 2993 386 3078 11·
431 3025 500 3078 Ana.
536 3020 728 3088 Quaerendum
758 3026 800 3075 ost
826 3019 926 3092 igitur,
953 3036 1009 3092 qua
1034 3017 1140 3073 rationo

236 3113 316 3168 Deus
332 3109 459 3165 dimittat
480 3114 594 3179 peooata
615 3105 795 3162 hominibus?
821 3114 850 3162 et
864 3113 906 3173 qut
930 3105 982 3161 hoo
1004 3103 1139 3158 iaciamus

308 3365 334 3436 1)
353 3363 503 3434 quamlibet
515 3379 635 3432 parmam
653 3361 757 3417 A'abo
773 3362 798 3416 B
816 3359 841 3414 E
857 3359 916 3414 uu.
947 3372 960 3382 ··
1036 3377 1058 3401 .·
