2616 3826
365 273 443 332 cun
461 271 562 332 nnus
581 271 702 330 nouo.
731 243 773 330 n.
794 279 905 332 ro-n.
1056 277 1098 366 91

110 477 115 485 ·
194 450 252 500 mat
270 461 326 500 nou
342 443 467 514 habenti,
490 405 673 499 Deus'Pater
691 442 774 500 dicit:
801 444 897 518 accipe
915 433 1099 518 Unigenitum
1144 503 1146 510 Α
1177 410 1182 418 ¹

161 565 166 602 3
195 547 286 590 meum
305 535 334 584 et
351 529 388 584 da
404 541 455 599 pro
475 533 518 600 te;
544 528 649 600 etipse
668 529 772 585 Filius:
797 529 865 585 tolle
884 549 928 588 me
946 537 975 587 et
994 532 1099 588 redime

194 614 244 672 te?
285 613 370 679 Quasi
387 613 470 670 enim
495 614 547 670 hoo
574 614 683 681 dieunt,
709 614 821 686 quando
842 631 893 670 nos
917 616 954 671 ad
977 616 1136 681 christia-3

194 717 260 756 nam
277 698 361 756 fidem
378 705 480 756 vocant
497 704 526 754 et
541 699 664 756 trahunt
701 699 775 765 Quid
792 700 876 756 etiam
892 701 999 772 iustius,
1017 719 1102 774 quam

196 792 229 841 ut
246 785 294 842 ille
315 783 361 840 cui
384 784 466 840 datur
487 784 609 855 pretium
627 785 717 841 maius
733 786 809 842 omni
829 785 939 854 debito,
964 785 988 841 si
1007 785 1102 845 debito

153 909 165 924 .
196 872 279 927 datur
293 869 405 940 affeetu,
425 869 546 925 dimittat
563 888 643 927 omne
661 869 804 926 debitum?

271 1009 341 1096 21·
380 1041 506 1099 Diaboli
525 1058 591 1098 vero
606 1040 857 1105 reconciliationem
874 1041 910 1098 de
927 1058 983 1113 qua
994 1041 1102 1114 quaesi-
1122 1051 1135 1103 1

196 1129 269 1199 viati,
287 1127 487 1200 impossibilem
505 1127 653 1200 intelliges,
671 1125 695 1180 si
712 1126 860 1200 diligenter
870 1127 1021 1182 humanam
1037 1145 1102 1182 con·

196 1215 307 1271 siderea.
343 1213 422 1270 Sicut
447 1214 520 1269 enim
544 1213 626 1268 homo
654 1229 711 1268 uon
735 1212 827 1284 potuit
852 1212 1026 1268 renonciliati
1048 1212 1137 1274 nisis

159 1369 161 1374 ,
195 1318 246 1372 per
270 1300 409 1354 homiuem
430 1297 536 1368 Deum,
561 1297 610 1369 qui
632 1299 703 1354 mori
723 1304 833 1370 posset,
856 1316 907 1371 per
927 1299 1007 1356 cuius
1024 1299 1103 1356 iusti·

195 1386 263 1443 tiam
281 1386 344 1441 Deo
362 1385 554 1441 restitueretur
579 1384 654 1455 quod
671 1402 722 1456 per
741 1390 888 1457 peccatum
906 1385 1024 1440 hominis
1040 1401 1103 1457 per-

197 1473 323 1541 diderat3
340 1471 381 1526 ita
398 1470 491 1543 angeli
510 1469 636 1526 damnati
650 1488 707 1526 non
724 1478 841 1542 possunt
860 1470 963 1526 salvari
979 1470 1034 1526 nisi
1053 1489 1104 1543 per

196 1558 326 1630 angelum
342 1558 446 1627 Deum,
475 1556 522 1629 qui
551 1554 620 1610 mori
645 1555 735 1626 possit
761 1562 790 1612 et
815 1555 865 1628 qui
891 1573 942 1627 per
969 1555 1104 1610 iustitiam

196 1662 275 1700 suam
295 1643 357 1700 Deo
383 1648 506 1714 reparet,
533 1642 609 1712 quod
637 1640 755 1696 aliorum
778 1645 896 1712 peccata
921 1639 1104 1699 abstulerunt

196 1731 233 1786 Et
256 1731 328 1786 sicut
348 1729 431 1783 homo
455 1745 506 1797 per
527 1727 613 1782 alium
635 1725 773 1780 hominem
798 1725 847 1796 qui
863 1742 921 1781 non
940 1732 1014 1783 esset
1033 1728 1103 1784 eius·
1121 1743 1137 1795 3

197 1817 261 1871 dem
283 1815 406 1888 generis,
432 1813 557 1886 quamvis
580 1811 704 1874 eiusdem
728 1815 802 1867 esset
824 1817 954 1882 naturae,
982 1831 1039 1868 non
1055 1813 1103 1870 de·
1202 1871 1204 1876 ,

196 1900 259 1957 buit
274 1900 404 1970 relevari,
422 1899 463 1954 ita
479 1899 573 1954 nullus
593 1896 710 1970 angelus
727 1913 778 1967 per
796 1896 882 1952 alium
899 1898 1031 1970 angelum
1049 1898 1103 1954 sal·

196 1987 257 2042 vari
275 1987 368 2056 debet,
393 1985 518 2055 quamvis
537 2000 631 2040 omnes
649 1981 705 2039 sint
723 1982 806 2038 unius
823 1987 954 2054 naturae,
972 1985 1103 2055 quoniam

197 2089 254 2128 uon
279 2075 345 2126 sunt
371 2070 495 2127 ciusdem
520 2069 630 2142 generis
653 2069 726 2124 sicut
749 2069 883 2125 homiues.
893 2068 913 2141 ¹)
948 2070 1012 2127 Non
1030 2070 1139 2132 enims

198 2157 238 2212 sie
253 2163 320 2212 sunt
343 2174 437 2212 omues
464 2156 558 2228 angeli
583 2154 620 2212 de
645 2173 701 2211 uuo
729 2156 842 2228 angelo,
870 2155 1104 2228 quemadmodum

199 2259 293 2300 omnes
316 2241 440 2298 homines
464 2242 500 2298 de
520 2257 576 2297 uno
602 2241 721 2300 homine.
761 2241 824 2298 Hoc
852 2259 962 2315 quoque
982 2247 1138 2301 removetis

199 2345 292 2384 eorum
314 2325 557 2396 restaurationem,
580 2326 647 2397 quia
667 2326 739 2382 sicut
764 2327 924 2384 ceciderunt
947 2327 1024 2382 nullo
1047 2326 1103 2381 alio

197 2418 316 2469 nocente
335 2418 367 2467 ut
387 2412 531 2481 caderent,
554 2410 595 2465 ita
616 2411 694 2465 nullo
718 2411 773 2465 alio
792 2412 942 2469 adiuvante
959 2428 1105 2484 resurgere

199 2497 318 2568 debent3
336 2496 412 2569 quod
428 2503 471 2552 est
487 2497 542 2551 illis
559 2495 736 2568 impossibile.
763 2494 855 2551 Aliter
871 2497 945 2552 enim
963 2498 993 2553 in
1014 2497 1103 2570 digui-
1122 2507 1139 2559 6

198 2588 284 2638 tatem
303 2598 387 2654 quam
408 2582 531 2637 habituri
555 2587 649 2650 erant,
671 2598 728 2635 uon
750 2586 867 2652 possunt
890 2583 1013 2653 restitui3
1038 2598 1110 2656 quc⁴

130 2661 132 2666 ’
198 2666 274 2722 niam
291 2667 350 2722 sine
367 2667 458 2722 alieno
475 2665 579 2722 auxilio
601 2683 652 2737 per
677 2672 843 2737 potestatem
860 2685 939 2723 suam
957 2685 1043 2740 quam
1060 2685 1106 2724 ac-

198 2758 337 2824 ceperant,
355 2753 496 2808 stetissent
506 2753 545 2807 in
560 2751 692 2821 veritate,
710 2750 735 2804 si
751 2768 808 2806 non
825 2759 996 2824 peccassent
1033 2753 1106 2820 Qua·
1124 2763 1138 2812 7

198 2844 313 2909 propter
339 2837 364 2892 ai
389 2837 451 2908 quis
479 2838 609 2910 opinatur
629 2835 780 2892 salvatoris
803 2838 892 2894 nostri
908 2840 1106 2896 redemtionem

199 2941 288 2995 usque
306 2923 344 2979 ad
360 2924 423 2979 illos
440 2923 592 2995 aliquando
620 2921 721 2979 debere
749 2923 874 2994 extendi,
904 2924 1108 2980 rationabiliter

271 3129 297 3200 1)
315 3129 384 3200 „Est
403 3128 596 3201 unusquisque
607 3127 690 3198 filias
707 3128 793 3182 Adae
815 3133 843 3183 et
861 3128 942 3186 homo
960 3145 1011 3199 per
1030 3145 1108 3183 crea·

198 3198 315 3266 taenara,
339 3205 368 3253 et
394 3200 492 3253 Adam
515 3215 567 3268 per
611 3197 841 3267 segregationem,
865 3201 893 3251 et
911 3213 1038 3296 persona
1056 3214 1108 3269 per

198 3267 471 3337 mdiciduotitotem,
502 3283 558 3339 qua
606 3265 751 3322 ‘scernitur
775 3264 812 3321 ab
839 3264 917 3320 aliis!
970 3269 1017 3321 De
1044 3283 1107 3321 coa·

199 3343 280 3406 cepta
297 3336 435 3405 virginali
451 3352 475 3392 a
497 3342 537 3392 10.

1253 411 1256 419 λ
