2616 3826
223 280 266 350 34
406 279 433 334 s.
451 275 622 335 sussum
638 273 944 333 crurummusu

224 447 322 504 mundi
339 454 467 504 naturam
491 447 521 502 in
544 447 643 502 melius
662 451 796 516 mutaret;
819 451 869 500 aut
886 445 910 498 si
927 445 1052 516 perfecta
1069 453 1129 502 erat

224 533 254 588 in
271 548 399 601 numero,
422 550 478 588 non
494 532 620 604 perfecta
639 535 698 587 erat
715 531 747 594 in
765 529 985 598 confirmatione,
1003 536 1031 586 ct
1049 529 1128 588 diffe-

223 618 311 674 renda
328 623 388 674 erat
407 617 465 688 cius
484 617 668 688 confirmatio,
687 615 795 672 etiamsi
811 615 904 672 nullus
919 615 949 670 in
966 631 1000 671 ea
1016 633 1130 686 peccas·

225 711 280 774 set,
304 721 392 776 usque
418 703 455 758 ad
473 721 534 760 eam
554 702 650 758 mundi
668 717 752 772 quam
774 706 951 771 expectamus
976 699 1130 754 renovatio·

193 795 201 806 '
224 807 302 860 nem3
330 791 421 846 autsi
438 806 495 846 non
512 788 616 846 diutius
636 787 686 841 iila
701 783 873 840 confirmatio
891 783 1045 840 differenda
1063 789 1131 854 erat,

187 941 190 948 ,
226 869 408 933 acceleranda
436 880 496 930 erat
523 872 666 928 mundana
695 871 853 940 renovatio,
883 875 916 924 ut
943 886 1008 924 cum
1035 869 1132 925 eadem

175 959 208 1010 33
226 959 433 1024 confirmatione
450 959 537 1016 fieret.
572 957 628 1015 Sed
652 955 727 1028 quod
741 945 887 1010 'mmdum
904 954 1010 1010 noviter
1026 953 1132 1010 fectum

227 1045 321 1100 statim
331 1045 410 1102 Deus
427 1060 561 1100 renovare
578 1049 607 1100 et
626 1059 673 1098 eas
691 1059 735 1096 res
753 1056 825 1112 qnae
842 1045 906 1109 post
925 1040 1132 1096 renovationem

226 1131 304 1186 illam
321 1148 378 1186 non
395 1136 484 1199 erunt,
508 1129 538 1187 in
556 1129 617 1200 ipso
636 1127 725 1198 initio,
749 1131 899 1197 antequam
917 1129 1064 1198 appareret
1083 1141 1133 1180 cur

226 1213 320 1270 factae
346 1219 454 1283 essent,
477 1214 620 1268 damnare
640 1211 804 1281 instituerit,
832 1210 906 1265 omni
924 1214 1001 1264 caret
1018 1209 1133 1264 ratione.

176 1301 210 1352 34
228 1299 358 1372 Sequitur
376 1316 456 1370 ergo,
481 1299 548 1370 quia
569 1297 663 1370 angeli
685 1314 742 1352 non
766 1297 807 1352 its
829 1295 942 1351 firmant
967 1296 997 1348 in
1019 1310 1133 1350 numero

227 1383 359 1453 perfecto,
383 1388 528 1444 uteorum
547 1381 717 1438 confirmatio
736 1398 792 1437 non
810 1381 858 1437 diu
877 1377 1049 1448 differretur,
1070 1394 1133 1450 pro-

227 1475 325 1538 pterea
353 1468 419 1542 quia
447 1466 544 1522 mundi
575 1465 640 1522 novi
668 1467 873 1524 renovationem
902 1483 966 1520 mox
996 1471 1135 1537 oporteret

177 1555 210 1606 35
228 1547 303 1622 fieri3
329 1552 405 1624 quod
422 1569 477 1607 non
495 1551 644 1616 convenit,
673 1551 754 1616 Quod
777 1557 871 1606 autem
896 1551 1012 1608 eandam
1036 1549 1134 1606 confir-

228 1636 377 1699 mationem
396 1653 485 1708 usque
500 1635 538 1693 ad
554 1636 651 1692 mnndi
670 1637 793 1694 futuram
805 1636 1011 1694 renovationem
1023 1633 1141 1690 diffene·

128 1785 131 1792 ,
228 1722 306 1778 Deus
324 1721 457 1790 voluerit,
481 1721 677 1776 inconveniens
700 1722 823 1794 videtur,
844 1721 1008 1794 praesertim
1023 1737 1087 1776 cum
1103 1720 1136 1774 il·

228 1807 285 1864 lam
308 1807 338 1863 in
362 1806 502 1883 aliquibus
526 1813 585 1868 tam
608 1807 664 1862 cito
685 1807 851 1878 perfecerit;
874 1814 903 1864 et
928 1825 992 1864 cum
1015 1805 1135 1877 intelligi

228 1892 330 1964 possit,
357 1892 424 1964 quia
449 1883 600 1964 inprimis
622 1891 781 1949 hominibus
805 1892 916 1963 quaudo
942 1897 1137 1964 peccaverunt,
1182 1883 1184 1888 ’

229 1976 306 2033 illam
322 1976 434 2032 fecisset
450 1977 476 2031 si
500 1994 557 2034 non
580 1983 757 2049 peccassent,
785 1978 858 2036 sicut
878 1978 946 2034 fecit
962 1979 992 2034 in
1009 1993 1136 2049 perseve

178 2060 356 2120 ditantibus
382 2060 499 2132 angelis.
546 2059 677 2126 Quamvis
705 2063 779 2118 enim
806 2064 929 2118 nendum
953 2062 1138 2133 proveheren-

229 2151 276 2200 tur
294 2144 331 2199 ad
350 2145 428 2200 illam
445 2145 642 2218 aequalitatem
661 2149 837 2220 angelorum,
850 2217 852 2220 ι
864 2148 902 2202 ad
920 2163 1004 2220 quam
1021 2163 1136 2218 perven-

229 2231 285 2296 turi
303 2237 382 2288 erant
398 2229 541 2301 homines,
566 2248 629 2286 cum
652 2233 792 2306 perfectrus
813 2239 886 2288 esset
902 2249 1032 2290 numerus
1050 2231 1085 2286 de
1105 2232 1137 2286 il-

229 2315 265 2372 lis
283 2317 481 2378 assumendum
510 2317 540 2371 in
566 2315 615 2372 illa
631 2321 725 2372 tamen
742 2317 849 2374 iustitia
865 2318 895 2372 in
912 2335 969 2390 qua
985 2323 1079 2387 erant,
1098 2317 1137 2370 vi-
1197 2389 1198 2394 ἵ

230 2401 326 2472 datm,
352 2401 442 2474 quod,
466 2401 491 2456 si
516 2400 649 2456 densent
669 2408 701 2456 ut
724 2420 781 2458 non
798 2408 947 2475 peccarent
967 2402 1080 2473 tentati,
1097 2403 1139 2458 ita

230 2485 459 2543 confirmarentur
485 2503 549 2542 cum
575 2486 650 2542 omni
674 2488 911 2560 propaginem,
935 2495 968 2545 ut
984 2489 1058 2546 ultra
1074 2503 1138 2560 pec-

231 2589 296 2628 care
317 2589 375 2628 non
398 2579 527 2644 possent=
554 2571 786 2646 quemadmodum
808 2570 857 2642 qui
866 2574 885 2639 ¹)
913 2573 981 2630 victi
1004 2591 1138 2646 peccave·

230 2665 311 2728 mnt,
333 2658 374 2714 sic
391 2656 523 2713 infirmati
539 2663 617 2728 sunt,
639 2663 685 2726 ut,
709 2661 845 2728 quantum
861 2656 891 2712 in
907 2657 975 2728 ipsis
996 2665 1054 2728 est,
1079 2658 1140 2714 sine

179 2747 212 2802 37
231 2746 348 2816 peccato
365 2757 426 2802 esse
446 2759 502 2798 non
522 2741 638 2813 possint
669 2739 737 2806 Quis
755 2741 828 2796 enim
845 2742 949 2797 audeat
966 2741 1058 2796 dicere
1074 2741 1139 2810 plus

232 2827 327 2890 valere
350 2825 514 2884 iniustitiam
538 2826 575 2897 ad
599 2826 772 2899 alligandum
793 2825 822 2882 in
845 2826 977 2884 sevitute
1000 2825 1140 2890 hominem

234 2912 266 2969 in
282 2912 375 2984 prima
392 2912 521 2969 suasione
543 2911 597 2967 sibi
615 2910 845 2978 consentientem,
873 2929 958 2983 quam
975 2911 1082 2968 valeret
1097 2911 1140 2966 iu·

234 2996 313 3054 stitia
330 2997 367 3054 ad
384 2995 606 3054 confirmandum
622 3013 686 3054 eum
710 2996 741 3052 in
756 2994 899 3068 libertate,
924 2992 980 3055 sibi
995 2997 1026 3052 in
1042 2995 1141 3052 eadem

178 3089 212 3142 38
233 3082 326 3161 prima
354 3082 508 3140 tentatione
538 3079 754 3138 adhaereastemi
797 3082 870 3140 Nam
898 3079 1140 3154 quemadmodum,

235 3167 366 3240 qnoniam
385 3166 508 3221 humana
530 3172 632 3222 natura
648 3171 709 3224 tcta
729 3175 788 3224 erat
804 3169 835 3224 in
850 3163 1013 3240 parentibus
1034 3164 1139 3237 primis,

190 3391 194 3400 Ι
299 3322 325 3388 1)
343 3317 435 3390 ΜΒ
451 3346 488 3358 -
504 3317 582 3386 ocia.
