2616 3826
234 331 276 400 ⁷4
413 327 441 384 s.
459 325 628 384 nussum
644 317 953 383 csnrusnnners

230 497 278 570 qui
295 501 388 553 tamen
415 503 457 553 est
483 495 518 552 de
541 496 652 552 illorum
674 511 789 568 genere,
811 501 844 550 ut
865 494 958 548 nullas
984 508 1079 550 sorum
1096 492 1138 547 ds·

230 583 293 639 'cere
313 583 402 654 possit
417 583 493 638 unde
510 581 606 638 mortis
624 581 828 636 damnationem
846 579 961 644 evadatz
979 578 1027 633 dle
1044 584 1139 633 auten

229 669 278 741 qui
295 669 371 722 solus
390 673 433 723 est
450 669 598 736 innocens,
621 673 729 722 tantam
745 665 822 738 apud
839 679 934 737 regem
954 663 1058 720 habeat
1074 679 1139 735 gm-

229 752 311 820 tiam,
330 758 363 806 ut
380 751 482 822 possit,
500 758 528 807 et
544 757 652 807 tantam
670 752 847 809 dilectionem
863 765 931 823 erga
946 765 1023 818 reos,
1040 753 1073 804 ut
1090 765 1138 804 ve

230 837 264 891 lit
281 852 377 891 omncs
394 835 443 907 qui
460 837 575 893 credent
597 855 648 893 suo
665 837 795 907 consilio,
817 834 998 892 reconciliare
1017 833 1137 905 quodam

230 921 342 977 servitio
361 921 415 992 ipsi
434 922 493 994 regi
509 922 592 977 valde
614 923 761 993 placituro,
785 923 860 995 quod
882 921 1007 976 sactum
1030 925 1073 975 est
1092 919 1139 975 die

181 1012 211 1064 18
230 1007 381 1062 secundum
408 1007 580 1063 voluntatem
607 1009 681 1080 regis
708 1015 819 1064 statuto.
860 1007 898 1062 Et
922 1004 1053 1078 quoniam
1081 1021 1138 1059 nou

231 1109 325 1148 omnes
353 1099 470 1162 possunt
502 1093 550 1165 qui
578 1093 775 1150 reconciliandi
806 1091 935 1149 suntad
963 1091 1036 1147 diem
1060 1089 1138 1144 illan

230 1176 393 1248 convenir03
423 1177 553 1234 concedit
581 1195 629 1234 rex
652 1187 766 1252 propter
788 1177 1008 1252 magnitudinem
1032 1175 1138 1232 servitii

229 1264 320 1332 illius,
345 1269 377 1317 ut
402 1262 560 1335 quicunque
586 1266 630 1321 vel
654 1271 719 1320 ante
742 1263 787 1319 vsl
804 1270 868 1334 post
885 1261 959 1318 diem
977 1262 1053 1316 illam
1072 1276 1137 1316 cun·

229 1347 296 1403 fessi
321 1345 437 1415 fuerint,
459 1363 490 1402 se
513 1348 585 1403 velle
607 1365 658 1419 per
683 1350 753 1404 illud
779 1366 849 1419 opus
872 1348 948 1418 quod
967 1363 1001 1402 ea
1017 1347 1063 1402 die
1080 1346 1137 1416 flet,

229 1433 341 1486 veniam
366 1432 514 1504 impetrare
542 1439 570 1488 et
594 1434 631 1488 ad
653 1441 767 1505 pactum
790 1433 830 1489 ibi
852 1432 1034 1488 constitutum
1059 1447 1137 1487 acce

230 1515 309 1585 due,
334 1514 370 1570 ab
393 1516 467 1570 omni
483 1518 566 1588 culpa
584 1519 639 1574 sint
656 1519 777 1574 absoluti
796 1517 959 1590 praetenta3
982 1525 1011 1574 st
1028 1517 1052 1572 si
1070 1515 1137 1573 coni

228 1598 324 1672 tigerit
349 1607 382 1655 ut
408 1600 569 1671 posthanc
594 1603 706 1659 veniam
724 1605 827 1674 iterum¹
851 1608 982 1676 peccunt,
1009 1602 1033 1656 si
1049 1600 1137 1674 digne

230 1685 391 1742 satisfacere
417 1693 445 1741 et
471 1686 572 1759 corrigi
599 1687 730 1760 deinceps
755 1688 907 1757 voluerint,
935 1703 987 1758 per
1012 1687 1137 1744 eiusdem

229 1772 305 1842 pacti
328 1771 482 1828 efficaciam
503 1770 604 1828 iteruin
627 1776 737 1830 veniam
758 1775 908 1846 recipiant,
928 1772 972 1828 sic
995 1778 1089 1828 tamen
1105 1777 1138 1825 ut

229 1857 323 1911 nullus
343 1857 477 1927 palatium
497 1859 555 1915 eius
577 1859 763 1932 ingrediatur,
793 1861 882 1916 donee
902 1859 1010 1916 factum
1032 1857 1137 1912 sithoc

180 1939 211 1990 19
229 1943 305 1998 unde
323 1943 421 2015 culpae
442 1945 607 2002 relaxentur.
647 1947 806 2003 Secundum
829 1943 1136 2012 numinensium,

229 2028 361 2097 quoniam
388 2045 443 2083 non
474 2036 626 2099 potuerunt
655 2047 749 2086 ornnes
778 2031 903 2085 homines
932 2029 981 2100 qui
1010 2027 1138 2083 salnndi

231 2118 310 2166 crant
327 2118 486 2182 praesentes
507 2129 581 2181 esse,
608 2115 719 2184 quando
742 2113 941 2170 redemtionem
962 2113 1040 2166 illan
1059 2111 1137 2166 Ohn'-

229 2203 288 2250 stus
307 2196 386 2267 fecit,
410 2202 490 2254 tanta
512 2197 567 2254 fuit
584 2200 627 2253 vis
644 2200 674 2254 in
692 2198 751 2254 eius
765 2187 867 2268 morte,
889 2203 922 2252 ut
941 2198 1025 2251 etiam
1041 2196 1071 2250 in
1088 2197 1137 2252 ab·

229 2289 320 2339 sentes
347 2284 392 2339 vel
419 2283 481 2339 loco
505 2284 551 2340 rel
573 2291 698 2355 tempore
721 2285 780 2340 eius
805 2283 986 2355 protendatur
1012 2281 1137 2340 effectus.

178 2363 211 2415 ²0
230 2368 310 2434 Quod
336 2376 430 2426 autem
456 2387 513 2426 nun
538 2371 627 2426 solum
652 2372 846 2442 praesentibus
870 2369 1002 2441 prodesse
1026 2369 1136 2436 debeat,

228 2453 293 2510 hinc
321 2455 404 2512 facile
430 2456 621 2528 cognoscitur,
648 2455 715 2528 quia
740 2471 797 2510 non
821 2461 865 2509 tot
890 2459 1050 2525 praesentes
1076 2470 1137 2510 csse

229 2539 288 2595 eius
315 2539 396 2596 morti
422 2547 584 2613 potuerunt,
617 2547 685 2613 quot
711 2541 748 2596 ad
771 2557 908 2612 supernae
930 2539 1049 2596 civitatis
1072 2555 1137 2595 ccu-

184 2653 188 2660 ·
229 2627 408 2682 structionem
432 2627 581 2684 necessarii
599 2627 679 2696 suntss
704 2625 811 2682 etiamn
834 2641 929 2680 omnes
946 2625 995 2697 qui
1012 2625 1136 2680 eiusdem

229 2711 324 2764 mortis
341 2716 466 2782 tempore
485 2713 644 2784 ubicunque
663 2716 752 2781 erant,
778 2710 815 2764 ad
839 2709 918 2766 illam
938 2711 1137 2780 redemtionem

179 2790 209 2843 2¹
230 2794 448 2852 admitterentur.
490 2798 590 2853 Plures
614 2798 688 2852 enirn
715 2800 781 2861 sunt
799 2795 950 2851 daemones
975 2811 1075 2867 quarn,
1101 2795 1137 2851 ds

230 2879 331 2951 quibus
356 2882 553 2938 restaurandus
579 2890 622 2938 est
642 2897 773 2937 numerus
797 2897 907 2950 eorum,
934 2897 968 2937 ea
994 2881 1137 2938 disvin·

178 2967 211 3019 22
229 2973 291 3022 rent
305 2955 445 3022 'homines
485 2967 546 3024 Nec
570 2967 740 3024 credendum
762 2972 815 3035 est,
840 2983 873 3022 ex
896 2981 954 3038 qao
979 2965 1071 3021 frctus
1093 2971 1137 3020 est

229 3051 312 3108 humo
328 3051 416 3106 ullum
438 3057 549 3121 tempus
573 3052 672 3123 finisse,
696 3063 754 3124 quc
775 3052 896 3110 mundus
911 3051 965 3106 iste
981 3067 1046 3106 cum
1059 3065 1137 3105 crea·

228 3137 300 3192 turis
323 3153 397 3209 quae
423 3137 516 3192 factae
537 3143 602 3192 sunt
628 3138 664 3192 ad
689 3151 757 3192 usus
782 3137 938 3206 huminum,
964 3136 1006 3192 sic
1031 3148 1137 3190 vacuus

228 3222 334 3288 fnisset,
354 3230 387 3280 ut
404 3223 497 3282 nullus
515 3229 588 3278 esset
606 3222 635 3276 in
652 3221 700 3278 illo
717 3237 752 3278 er
766 3221 890 3298 'hamme
909 3237 1010 3295 genere
1029 3221 1067 3277 ad
1083 3219 1138 3276 hcc

177 3309 381 3378 capuanam,
406 3307 613 3380 propterquod
631 3307 723 3364 factu
742 3316 786 3365 est
801 3310 890 3366 hamc
927 3305 1049 3365 videtur
1063 3307 1138 3363 enin

228 3390 424 3448 inconvenieus
452 3391 529 3466 quod
553 3387 631 3447 Deus
661 3393 707 3448 vel
734 3411 792 3451 unu
818 3399 956 3450 monento
981 3392 1139 3464 panim
