2616 3826
366 317 444 375 ουκ
461 316 562 375 naus
578 317 697 375 nomo.
732 318 754 374 1.
777 311 886 373 ia-ie
1033 307 1085 381 255

251 609 329 704 140,
371 643 439 701 Bes.
476 641 532 700 sed
558 643 622 698 vobo
648 658 667 697 a
692 647 721 698 te
746 641 857 710 audire,
885 643 909 696 ai
934 643 1109 715 peceantiu

174 746 264 800 poena
282 729 319 784 eit
341 729 384 784 illi
408 729 495 784 honor
517 735 566 787 eut
589 727 744 784 cuiusmodi
767 728 855 784 bonor
874 729 918 783 ait
952 729 983 785 Si
1001 729 1077 785 euim

130 864 133 877 ,
174 831 265 886 poena
281 814 424 886 peceantie
444 828 501 869 nou
525 813 584 870 eiua
607 814 695 870 honor
714 821 768 870 eat:
795 831 859 869 eum
875 822 1005 886 peccator
1021 833 1078 872 non

175 900 257 956 solvit
273 891 349 972 quod
366 900 495 965 abstulit,
516 901 566 954 aed
583 902 713 972 panitur,
733 901 773 955 eie
789 901 883 972 perdit
897 902 975 956 Deua
993 901 1079 957 hene·

174 1003 234 1044 rem
251 1003 345 1056 suum,
365 993 397 1040 ut
418 1003 475 1040 non
496 991 655 1056 recuperet3
679 987 754 1058 quod
772 986 815 1040 his
833 1001 905 1057 quae
925 987 1000 1043 dieta
1015 993 1081 1044 eunt

174 1085 332 1143 repugnare
350 1071 468 1130 videtur.
502 1073 570 1126 Aue.
592 1071 684 1126 Deum
700 1071 871 1143 impossibile
889 1078 933 1128 eet
948 1073 1111 1130 honoremt

103 1231 105 1235 ,
176 1175 258 1214 suum
283 1158 414 1228 perdere3
448 1164 497 1214 aut
529 1157 603 1213 enim
623 1163 754 1228 peeeater
778 1164 876 1227 sponte
898 1158 981 1214 solvit
1005 1159 1081 1231 quod

177 1242 269 1312 debet,
285 1248 336 1299 aut
353 1243 431 1298 Deus
449 1243 485 1300 ab
498 1243 586 1302 invite
604 1243 714 1316 aeeipit.
750 1243 823 1300 Nam
841 1250 890 1300 aut
907 1244 988 1298 homo
1004 1243 1080 1301 debi·
1097 1256 1111 1306 3

175 1333 233 1384 tam
259 1327 458 1386 subiectionem
483 1329 557 1397 Deo,
585 1329 643 1384 sive
668 1347 724 1385 non
749 1330 892 1400 peeea'ndo
920 1331 978 1386 sive
1005 1331 1080 1402 quud

175 1420 275 1486 peceat
291 1415 437 1484 solvende,
455 1416 598 1470 voluntate
618 1422 772 1486 spontanea
786 1414 911 1484 exhibet,
936 1423 985 1471 aut
1001 1415 1080 1472 Deua

176 1517 240 1558 eum
259 1499 377 1556 invitum
396 1500 451 1556 sibi
471 1502 625 1572 torquendo
649 1501 761 1557 subiicit
778 1508 807 1556 et
825 1502 864 1556 aie
883 1519 912 1557 se
929 1501 1081 1557 Dominum

177 1585 236 1642 eiua
254 1603 313 1642 aeae
323 1647 325 1650 ,
336 1587 474 1656 ostendi-t,
501 1587 576 1657 qued
597 1586 657 1658 ipae
680 1587 763 1642 homo
780 1588 923 1642 voluntate
939 1588 1022 1643 fateri
1038 1606 1081 1644 re·

177 1677 264 1726 euaat.
304 1671 339 1724 In
366 1689 421 1742 que
447 1672 690 1740 considerandum,
716 1672 783 1741 quia
810 1672 883 1726 sieut
908 1673 989 1726 homo
1018 1675 1116 1743 peu-4

177 1754 269 1810 wude
298 1755 373 1824 rapit
398 1756 474 1825 quod
502 1756 558 1810 Dei
585 1760 642 1824 eat,
669 1757 710 1810 ita
726 1757 804 1811 Deus
822 1756 963 1826 puniendo
991 1757 1083 1813 aufert

178 1839 253 1910 quod
268 1838 387 1895 beminis
405 1845 454 1896 eat.
489 1839 599 1912 Quippe
621 1859 678 1906 non
702 1841 792 1897 solum
806 1841 834 1896 id
853 1841 945 1912 ipsum
964 1842 1087 1898 alieuius.

180 1941 239 1980 ease
265 1925 367 1980 dieitur
391 1928 542 1998 quodiam
566 1926 703 1998 possidet,
727 1925 777 1980 aed
804 1925 880 1996 quod
901 1925 931 1981 in
953 1927 1012 1981 eius
1034 1943 1083 1997 pe·

178 2017 278 2068 testate
301 2017 353 2067 'eet'
367 2018 399 2068 ut
422 2013 532 2069 babeat.
567 2011 704 2078 Quoniam
730 2029 797 2084 ergo
820 2012 902 2066 home
927 2012 967 2067 ita
991 2012 1117 2070 factust

178 2103 235 2167 eet,
261 2103 293 2152 ut
319 2097 521 2155 beatitudinem
546 2098 648 2153 habere
674 2102 782 2169 posset,
810 2097 834 2151 si
863 2115 919 2154 nen
941 2106 1084 2168 peccaret:

179 2201 243 2240 eum
259 2190 374 2256 propter
396 2189 543 2255 peecatum
563 2184 737 2240 beatitudine
762 2189 790 2239 et
808 2184 882 2238 omni
902 2184 975 2239 bono
993 2184 1085 2255 prive-

178 2277 232 2338 tur,
260 2271 294 2327 de
317 2288 368 2326 sue
391 2270 517 2342 quamvis
539 2269 642 2325 invitus
667 2270 750 2326 solvit
776 2269 852 2340 quod
874 2271 983 2340 rapuit3
1010 2271 1084 2341 quia,

179 2355 246 2413 lieet
273 2357 350 2413 Deua
376 2357 428 2412 boe
454 2356 491 2410 ad
519 2372 600 2410 usum
623 2355 667 2409 sui
692 2355 830 2410 commodi
857 2371 914 2408 non
936 2355 1085 2410 transferat

181 2442 257 2514 quod
273 2442 377 2508 aufert,
403 2441 475 2496 sieut
492 2440 573 2495 homo
590 2441 738 2511 pecuniam
755 2457 839 2511 quam
858 2439 904 2492 alii
923 2439 1033 2507 aufem,⁴
1054 2439 1084 2494 iu

182 2544 261 2582 suam
278 2529 413 2584 convertit
430 2526 590 2582 utilitatem:
617 2525 670 2580 hoe
697 2529 791 2580 tamen
809 2524 884 2595 quod
902 2524 1005 2593 aufert,
1031 2524 1085 2580 uti-

180 2619 227 2668 tur
258 2615 294 2667 ad
322 2626 402 2668 suum
431 2613 575 2680 honorem,
604 2617 655 2679 per
678 2610 731 2665 hee
759 2609 826 2681 quia
851 2609 949 2664 aufert.
997 2610 1085 2668 Aufe-
1119 2611 1135 2662 6

181 2700 268 2756 rende
291 2700 365 2754 enim
383 2703 556 2769 peecatorem
572 2701 693 2765 atquae
708 2695 785 2750 illius
799 2699 870 2750 aunt
889 2695 1015 2752 subiecta
1031 2696 1085 2752 sibi

181 2803 241 2842 esee
259 2785 368 2855 prebet.
990 2785 1000 2810 ⁹

261 3006 330 3093 15·
379 3041 447 3093 Boe.
463 3039 561 3094 Plaeet
579 3036 653 3110 quod
674 3035 751 3091 dicia.
778 3035 833 3092 Sed
854 3042 897 3090 eet
908 3041 935 3091 et
947 3033 1032 3099 aliud,
1049 3031 1086 3086 ad
1106 3032 1118 3081 i

183 3125 257 3200 quod
275 3130 352 3179 tuam
372 3124 577 3194 responsionem
594 3123 715 3195 postulo.
749 3124 821 3180 Num
839 3121 862 3176 si
882 3120 960 3174 Deus
979 3120 1019 3172 ita
1036 3117 1087 3172 eie·

183 3218 215 3268 ut
239 3210 354 3282 probae,
382 3225 463 3264 auum
492 3207 576 3264 debet
598 3208 729 3264 honorem
755 3221 877 3262 servare:
907 3221 956 3259 eur
980 3202 1026 3258 uel
1050 3201 1087 3258 ad

184 3297 323 3352 modicum
339 3295 445 3366 patitur
462 3294 540 3348 illum
557 3292 674 3348 violari?
703 3293 784 3358 Quod
803 3291 877 3346 enim
894 3289 1087 3360 aliquomodo
1198 3308 1204 3321 ·

184 3380 375 3452 hedi-inim,
387 3397 444 3436 nen
450 3379 559 3450 integre
567 3393 618 3433 nee
628 3377 751 3450 perfecte
760 3375 923 3431 eustoditur.
947 3375 1016 3430 Aua.
1031 3372 1087 3429 Dei
1105 3377 1120 3428 2
