2616 3826
357 317 434 376 cmt
452 319 553 376 DEUS
572 317 690 374 HOMO.
725 320 748 374 Ι.
768 323 878 374 21—23.
1031 317 1075 386 45

171 489 366 558 consolaretur,
383 490 436 545 hoc
448 489 536 544 solum
550 492 663 560 cogeret
673 505 717 542 me
730 489 883 558 desperare.
912 489 982 543 Ans.
998 486 1075 544 Audi

169 581 270 632 temen.
306 577 374 629 Bos.
392 574 454 629 Die.
489 575 558 628 Am.
576 573 668 628 Homo
686 575 715 628 in
734 574 865 643 paradiso
883 572 943 628 sine
960 575 1109 647 peceato2

169 660 260 717 fectus
284 661 364 732 quesi
386 660 493 731 positus
519 665 562 714 est
580 676 631 731 pro
647 659 709 714 Deo
733 659 806 714 inter
822 659 915 713 Deum
934 666 962 714 et
980 660 1075 715 diebo-

170 745 241 816 lum,
268 750 301 800 nt
328 746 451 801 vinceret
480 744 622 801 diabolum
646 762 702 799 non
727 744 922 800 consentiendo
946 745 1076 801 suadenti

170 839 330 902 peecatum,
354 832 391 886 ed
416 830 620 886 excusationem
642 836 671 884 ct
686 830 817 886 honorem
835 830 891 886 Dei
911 831 992 887 etad
1010 847 1075 886 con·

170 916 306 972 fusionem
329 916 447 984 diaboli,
474 932 537 970 eum
561 916 609 971 ille
632 914 765 969 infirmior
788 915 818 969 in
841 921 916 969 terra
936 932 992 970 non
1009 932 1075 987 pec·

171 1007 247 1057 curet
272 1003 368 1058 eodem
390 1002 503 1057 diabolo
531 1002 680 1067 suadente,
706 1001 755 1073 qui
778 1001 875 1055 fortior
896 1001 1023 1071 peccavit
1046 1002 1076 1056 in

91 1106 96 1114 ¹
170 1087 247 1142 coelo
270 1089 347 1143 nulio
373 1088 523 1156 suadente;
550 1093 578 1142 et
604 1103 668 1141 cum
693 1086 747 1141 hoc
768 1085 849 1140 homo
872 1085 954 1141 focile
981 1091 1076 1157 posset

169 1169 292 1241 efficere,
315 1171 393 1226 nulla
415 1175 444 1227 vi
468 1180 582 1228 coactus
606 1172 666 1227 sola
687 1171 815 1226 suasione
835 1177 933 1241 sponte
953 1187 983 1226 se
1000 1162 1075 1227 v'inoi

169 1257 293 1327 permisit
318 1259 354 1313 ed
380 1258 551 1312 voluntatem
576 1257 680 1312 dioboli
697 1263 726 1312 et
745 1261 841 1312 eontra
857 1257 1028 1312 voluntatem
1047 1262 1076 1312 et

168 1341 299 1400 honorem
316 1343 378 1398 Dei.
413 1347 481 1398 Bos.
506 1343 553 1397 Ad
570 1344 638 1416 quid
656 1344 698 1398 vis
718 1341 852 1397 tendere?
889 1343 958 1396 Aoo.
977 1339 1108 1397 Iudicat

167 1430 295 1500 tuipse,
319 1429 343 1482 si
367 1446 423 1484 non
448 1434 490 1485 est
514 1437 611 1484 contra
631 1429 761 1483 honorem
784 1427 853 1496 Dei,
878 1434 911 1482 ut
933 1428 1015 1483 homo
1031 1445 1074 1483 rc·

168 1514 330 1570 concilietur
362 1514 405 1568 illi
436 1531 499 1568 cum
529 1515 669 1570 calumnia
693 1515 776 1568 huius
804 1513 988 1569 contumelias
1012 1513 1075 1569 Deo

169 1597 322 1669 irrogatae,
352 1599 406 1653 nisi
433 1601 511 1670 prius
540 1599 716 1656 honoraverit
740 1598 831 1653 Deum
853 1598 990 1653 vincendo
1016 1599 1074 1653 die·

169 1683 281 1753 bolum,
319 1685 392 1740 sicut
430 1685 604 1740 inhonoravit
644 1685 723 1738 illum
767 1683 857 1738 vietus
898 1699 916 1736 e
955 1682 1074 1737 diabolo.

169 1767 295 1826 Victoria
319 1787 385 1826 vero
405 1772 471 1826 talis
494 1788 554 1826 esse
580 1769 679 1838 debet,
704 1774 736 1822 ut
759 1769 831 1822 sieut
848 1763 928 1822 fortis
945 1783 978 1820 ac
995 1772 1073 1837 pote·
1091 1765 1109 1814 4

169 1859 241 1910 stete
267 1855 428 1912 immortalis
461 1855 601 1912 consensit
626 1853 710 1908 facile
739 1853 850 1909 diabolo
879 1856 911 1906 ut
935 1857 1072 1923 peccaret,

168 1941 243 1995 unde
262 1939 334 1996 inste
359 1939 476 1995 incurrit
496 1957 616 2010 poenam
632 1938 822 2006 mortalitatis3
848 1938 889 1994 ite
904 1937 1029 1992 infirmus
1047 1943 1076 1994 et

168 2025 306 2096 mortalis,
331 2026 442 2097 qualem
467 2043 497 2082 se
512 2025 580 2081 feeit
598 2025 673 2096 ipse,
698 2042 748 2096 per
760 2022 862 2098 ,mortis
882 2021 1075 2078 difficultatem

168 2110 262 2168 vincat
291 2111 433 2167 diabolum
460 2117 492 2166 ut
519 2111 596 2166 nullo
622 2111 704 2166 modo
728 2113 841 2181 peccet3
876 2108 950 2179 quod
983 2106 1075 2162 faeere

167 2213 224 2252 non
246 2201 353 2269 potest,
379 2197 512 2268 quamdiu
533 2213 568 2252 ex
591 2196 705 2251 vulnere
726 2194 809 2265 primi
825 2192 935 2264 peccati
952 2190 1074 2261 concipi-

167 2287 213 2336 tur
230 2288 259 2338 et
277 2281 401 2337 nescitur
424 2281 454 2335 in
472 2287 595 2351 peccato.
631 2284 699 2334 Boe.
735 2279 840 2334 iterum
857 2278 934 2345 dico,
962 2276 1028 2347 quie
1047 2277 1108 2330 stt

167 2366 238 2422 ratio
256 2367 357 2438 probet
376 2366 451 2438 quod
470 2365 548 2435 dieis,
570 2371 598 2420 et
613 2364 783 2436 impossibile
801 2370 850 2420 est

245 2555 316 2642 23.
367 2586 438 2642 Ans.
466 2585 597 2656 Adhuo¹)
614 2585 711 2655 eceipe
728 2599 827 2649 unum,
850 2579 909 2636 sine
929 2597 985 2651 quo
1001 2579 1074 2636 iuste
1093 2584 1106 2635 1

167 2688 225 2728 non
257 2671 452 2730 reconcilietur
486 2672 580 2740 homo,
614 2686 666 2725 nec
698 2668 788 2723 minus
825 2664 994 2738 impossibile
1024 2672 1073 2722 est

167 2758 236 2811 Bos.
271 2756 327 2811 Tot
344 2756 401 2811 iem
420 2754 589 2829 proposuisti
613 2753 693 2809 nobis
717 2767 789 2824 quae
815 2750 907 2807 facere
932 2751 1074 2820 debemus,

167 2848 200 2898 ut
225 2842 361 2916 quidquid
384 2842 570 2916 superaddas,
598 2854 654 2894 non
679 2854 724 2893 me
745 2835 835 2909 magis
853 2842 957 2892 terrere
976 2835 1073 2907 possit
1147 2908 1151 2916 Ἴ

166 2930 237 2983 Ace.
274 2929 352 2984 Audi
379 2936 481 2984 temen.
516 2929 586 2982 Bos.
620 2924 721 2979 Audio.
756 2924 825 2976 Ans.
861 2921 935 2987 Quid
958 2919 1107 2976 abstulit2

106 3017 109 3022 '
165 3013 249 3071 homo
265 3015 336 3085 Deo,
356 3031 419 3069 oum
437 3012 511 3068 vinci
529 3027 558 3066 se
575 3009 700 3082 permisit
717 3024 735 3063 a
752 3007 883 3064 diabolo?
917 3007 988 3062 Boe.
1017 3001 1073 3056 Dic

166 3105 199 3156 tu
216 3107 248 3157 ut
264 3099 406 3170 incepisti,
432 3098 498 3170 quie
520 3113 572 3168 ego
589 3095 696 3165 nescio,
721 3093 789 3166 quid
811 3110 894 3164 super
911 3092 980 3146 hoec
999 3087 1073 3142 melu

167 3203 239 3258 quae
267 3181 413 3246 ostendisti
440 3182 533 3253 potuit
563 3183 674 3238 addere.
727 3181 797 3234 Ano.
832 3179 931 3236 Nonne
959 3171 1107 3230 abstulito

239 3377 265 3443 l)
283 3373 319 3430 Iu
336 3372 420 3428 Mser.
436 3370 483 3426 hie
499 3367 598 3440 incipit
614 3383 637 3423 c
658 3374 700 3426 23.
782 3396 788 3404 -
