2616 3826
340 328 420 388 GUB
434 327 536 388 nulls
553 329 671 392 nollo.
706 332 742 388 Π.
763 339 803 390 lt.
822 337 886 392 lte.
1029 334 1069 400 73

162 499 238 556 tiene
259 497 398 570 snpientia
422 498 477 556 Dei
498 498 552 556 hoo
572 498 644 562 {feeit
667 501 692 556 si
716 517 772 558 nou
795 519 942 573 possumus
967 501 1069 560 iutelli-

163 599 238 657 gere
262 600 319 640 non.
335 585 467 642 debemus
485 585 579 643 mirari
596 587 645 642 sed
664 603 729 642 oum
745 587 921 644 veneratione
939 588 1068 659 tolerare,

162 670 268 742 aliquid
277 686 339 728 sese
352 671 382 728 iu
392 671 506 728 seeretis
518 678 614 730 tentae
625 671 665 728 rei
678 672 754 743 quod
764 672 933 744 ignoremus.
960 673 1069 746 Quippe
1086 671 1102 722 6

163 755 316 812 mirabilius
333 757 411 812 Deus
429 757 597 812 restauravit
614 758 764 814 humanum
781 763 909 814 naturum
927 776 1010 831 quem
1027 761 1069 816 in·

133 847 140 860 “
163 842 310 912 merevin
346 841 500 912 aequaliter
529 842 603 898 enim
634 848 783 915 utrumque
810 843 873 900 Deo
902 844 984 900 focile
1014 853 1069 914 est;

131 921 134 926 ’
163 926 212 982 sed
230 925 312 981 homo
330 933 479 997 antequem
498 931 584 996 esset,
601 945 657 984 nou
676 928 804 1000 peeoerit
821 936 853 984 ut
871 928 931 985 fieri
950 947 1007 985 non
1022 929 1069 986 de·

147 1012 248 1087 teret.
282 1012 436 1084 Postquam
454 1029 519 1068 vero
537 1011 629 1066 iustus
656 1018 710 1083 est,
736 1014 878 1084 peeoendo
897 1015 1010 1083 meruit,
1037 1019 1070 1069 ut
1087 1016 1101 1065 7

163 1098 239 1168 quod
269 1103 297 1152 et
316 1099 375 1166 pud·
395 1087 470 1169 quod
495 1097 587 1152 foetus
611 1105 655 1154 est
684 1099 826 1169 perderet3
857 1101 983 1172 quemvis
1012 1119 1074 1179 non*

161 1183 314 1253 perdiderit
336 1184 448 1240 omnino
472 1183 548 1254 quod
572 1183 664 1240 fertus
688 1191 760 1255 eret,
781 1191 814 1240 ut
831 1191 904 1241 esset
923 1186 972 1257 qui
989 1186 1070 1257 puni·

162 1275 239 1324 retur
263 1274 313 1324 eut
335 1269 380 1324 eui
397 1269 476 1324 Deus
498 1268 680 1326 misereretur.
716 1270 853 1328 Neutrum
874 1271 948 1326 enim
970 1265 1104 1328 horum⁸

98 1387 101 1396 ν
162 1353 222 1410 fieri
246 1360 356 1425 posset,
383 1355 408 1410 si
431 1355 461 1409 in
485 1354 602 1410 nihilum
624 1356 753 1412 redsotus
779 1363 859 1412 esset
893 1355 985 1416 Tanto
1002 1352 1103 1428 ergo9

162 1440 315 1496 mirabilius
341 1441 420 1496 Deus
446 1440 526 1495 illum
551 1440 673 1497 restituit
695 1457 779 1513 quem
801 1442 937 1512 instituit,
965 1449 1070 1513 quanto

163 1525 216 1582 hoo
239 1526 274 1582 ds
295 1532 443 1598 peooetore
463 1523 561 1584 oontm
583 1523 727 1594 meritum,
753 1525 824 1580 illud
843 1544 901 1582 non
920 1526 954 1582 de
970 1542 1069 1597 peeor-

114 1644 120 1657 ι
162 1617 222 1666 tere
238 1627 291 1666 neo
310 1618 407 1666 oontrs
419 1612 548 1666 meritum
564 1611 640 1666 feeit.
671 1609 812 1673 Quantum
827 1611 911 1666 etium
923 1618 966 1666 est
976 1611 1069 1668 Deum
1088 1603 1120 1653 1⁰

162 1701 192 1751 et
207 1695 346 1751 hominem
364 1695 405 1750 sio
424 1696 455 1750 in
477 1713 564 1750 unum
590 1694 753 1764 convenire,
776 1701 808 1749 ut
827 1699 937 1755 servate
955 1695 1069 1767 integri·

162 1787 220 1837 tete
242 1781 387 1854 utriusque
413 1784 532 1834 neturse
556 1779 630 1834 idem
653 1779 689 1834 eit
711 1779 794 1836 homo
811 1779 860 1851 qui
876 1779 963 1834 Deus.
999 1779 1068 1845 Quis
1088 1772 1118 1824 ll

164 1881 230 1936 ergo
251 1870 411 1934 praesumet
434 1865 480 1920 vel
504 1865 639 1937 cogitare,
662 1865 738 1937 quod
756 1865 893 1922 humanus
911 1865 1069 1922 intellectus

161 1951 255 2014 ualeat
275 1955 434 2020 penetrare,
457 1967 541 2021 quem
559 1950 714 2021 supienter,
731 1967 815 2022 quum
832 1949 995 2008 mirrbffitsr
1011 1955 1070 2006 tem

161 2035 341 2092 imorutobile
357 2053 428 2106 opus
447 2035 553 2094 foetum
570 2035 625 2092 sit?
661 2038 729 2092 Bos.
756 2035 904 2094 Assentior
923 2036 990 2108 quis
1008 2031 1120 2091 nul-12

160 2123 205 2178 lue
228 2123 312 2179 horno
338 2126 431 2194 potest
458 2121 488 2178 iu
511 2123 565 2180 heo
590 2123 650 2178 rite
672 2129 782 2178 tentum
801 2127 939 2180 secretum
956 2121 1070 2193 penitus

161 2209 282 2279 operire,
312 2225 364 2265 neo
386 2212 451 2279 peto
477 2215 510 2264 ut
534 2208 637 2279 feries,
664 2209 739 2279 quod
765 2209 859 2264 nullus
876 2207 959 2277 homo
977 2207 1069 2264 faeere

161 2299 266 2364 potem
293 2295 344 2349 sed
365 2299 474 2350 tentum
500 2301 635 2365 questum
648 2300 743 2364 *potes
775 2294 846 2350 Plus
865 2294 940 2350 enirn
955 2309 1068 2365 persus«
1088 2290 1119 2342 13

162 2374 240 2430 debis
261 2378 377 2436 altiores
399 2379 429 2434 in
451 2378 506 2434 hee
529 2379 704 2438 terrationes
731 2380 833 2449 lutere,
852 2378 877 2432 si
898 2378 1021 2450 aliquam
1038 2385 1068 2434 ts
1132 2443 1139 2458 Ι

151 2463 355 2518 vrnonstrureris
379 2465 486 2535 videre,
511 2482 596 2536 quem
616 2465 644 2526 si,
665 2471 695 2522 te
712 2466 818 2520 nullum
833 2464 864 2518 in
882 2477 916 2518 ee
933 2463 1068 2520 rationem

161 2545 316 2616 intelligere
334 2547 404 2604 nihil
421 2549 540 2604 dicendo
557 2551 727 2620 probareris.
764 2552 834 2607 Ans.
859 2547 949 2604 Video
966 2565 1011 2604 me
1029 2549 1067 2605 eb
1087 2545 1119 2597 ¹4

161 2631 371 2703 importunitate
391 2641 441 2690 tue
463 2653 521 2691 non
545 2650 627 2705 posse
650 2634 778 2705 liberori3
806 2634 856 2690 sed
882 2632 908 2688 ei
932 2631 1068 2704 aliquete-

161 2734 216 2772 nue
232 2723 329 2790 poure
345 2721 421 2790 quod
439 2720 564 2792 postules
583 2719 740 2788 ostendere
754 2719 859 2790 gratiss
870 2734 987 2792 egemus
997 2718 1068 2777 Deo.

44 2841 48 2850 ,
163 2801 194 2858 Si
220 2819 285 2860 uero
311 2819 369 2858 non
396 2812 507 2877 potero,
533 2803 675 2862 sufficiam
699 2820 734 2858 es
754 2819 826 2878 quoe
850 2821 934 2876 supro
949 2805 1071 2876 probru

163 2891 236 2944 sunt
272 2885 344 2944 Cum
369 2891 443 2946 enim
461 2895 572 2948 eonstst
587 2891 680 2948 Deum
696 2889 836 2950 honinem
854 2889 915 2948 fieri
932 2897 1067 2962 oportere,
1087 2887 1117 2938 15

88 3031 94 3036 ,
163 2971 280 3026 dubium
297 2989 354 3029 nou
369 2979 413 3046 est
431 2971 596 3047 sapientium
615 2978 644 3030 et
659 2973 813 3044 potentium
832 2974 874 3034 illi
890 2993 947 3034 non
964 2977 1068 3042 deesse,

160 3063 193 3114 ut
219 3056 272 3113 hoo
289 3057 364 3114 ,sine
383 3066 506 3129 ¹peooeto
520 3059 590 3119 =firrt
627 3061 697 3114 Bos.
735 3060 781 3117 Sie
807 3060 926 3120 libenter
951 3059 1067 3131 resipio.

162 3143 231 3198 Asse.
268 3141 400 3214 Oportuit
424 3143 521 3216 nunus
547 3151 580 3201 ut
611 3144 662 3200 ille
680 3143 815 3204 redemtio
836 3163 920 3218 quem
941 3145 1068 3202 Christus
1086 3146 1118 3198 16

162 3226 237 3297 feeit,
255 3228 401 3299 prodesset
417 3245 474 3284 non
498 3229 588 3287 selum
611 3229 738 3303 illisqui
755 3248 788 3288 eo
806 3237 929 3303 tempore
946 3230 1067 3300 fuerunt,

163 3313 213 3370 nd
235 3319 265 3372 et
290 3313 361 3370 elliu
396 3313 440 3374 eit
462 3313 536 3372 euim
561 3331 610 3374 rex
631 3315 748 3389 sliquos,
773 3317 820 3372 eui
847 3323 921 3374 totus
947 3316 1069 3388 populus
1086 3319 1118 3372 ll

163 3411 231 3456 rus
253 3399 401 3476 euirsdrrm
425 3398 546 3460 ousta
569 3401 772 3473 siopesosrit,
795 3408 913 3474 exeepto
936 3417 992 3458 uno
1009 3401 1069 3460 solo
