2616 3826
363 299 441 360 cus
457 301 557 362 uuus
574 299 691 360 nouo.
726 302 763 360 n
785 308 893 388 rr-u.
1040 303 1084 372 69.
1113 314 1116 322 v

181 475 241 541 ¹⁰²2
262 455 364 530 um·
399 473 588 546 Ignuanb'am
608 490 674 529 *01⁰
691 487 747 528 11011
762 472 864 544 poterit
879 488 1020 530 assumere
1037 489 1082 529 sas
1101 467 1135 523 10
1173 547 1177 558 1

182 555 304 628 pientur,
328 559 394 629 quia
408 575 552 632 nunquam
570 566 613 616 est
629 558 705 614 utilis
719 558 768 614 sed
788 575 896 631 semper
912 558 1008 630 noxia,
1029 559 1083 614 nisi

181 639 255 697 forte
281 658 345 698 cum
370 661 422 716 per
446 661 508 701 eam
533 645 607 700 mais
631 635 759 702 voluntas
788 662 860 717 quae
886 662 1035 716 nunqnamx
1053 643 1084 699 in

182 722 233 780 illo
250 726 310 796 erit,
327 729 364 784 ab
383 729 486 788 effectu
499 731 681 804 restringitur.
715 731 789 789 Nam
807 730 859 787 etsi
876 730 1027 802 aliquando
1047 728 1085 784 ad
1102 731 1133 785 11

179 811 258 872 aliud
279 831 336 870 non
357 823 452 887 nocet,
470 817 529 874 boc
549 817 607 874 solo
629 823 725 873 tamen
748 822 843 886 nocet,
870 817 936 887 quio
953 814 1086 871 scientiae

183 896 287 954 bonurn
311 901 420 974 aufert3
444 906 473 957 ct
495 909 527 958 ut
550 902 671 958 breviter
692 902 835 958 absolvam
859 901 934 974 quod
961 899 1085 972 quaeris:

115 971 121 988 ’
182 999 218 1040 ex
246 1003 301 1057 quc
327 987 408 1046 homo
432 987 479 1044 ille
500 987 573 1058 erit,
598 988 697 1060 plenus
718 985 779 1042 Deo
806 1003 914 1056 sempor
940 992 972 1041 nt
994 984 1084 1056 seipso

182 1067 251 1136 crit;
273 1069 349 1126 unde
367 1089 510 1145 nunquam
526 1073 578 1130 erit
594 1073 654 1129 sine
674 1073 733 1128 eius
748 1070 1085 1143 potentisctfortitudine
1120 1081 1124 1096 ·
1154 1089 1157 1098 ’

183 1156 213 1206 11
230 1154 374 1225 sapientia.
410 1161 478 1214 Bor.
506 1159 636 1225 Quamvis
664 1158 717 1216 noo
737 1158 767 1212 n
784 1157 892 1212 enno
909 1156 995 1212 fiune
1015 1172 1084 1211 som-
1104 1149 1137 1201 12

183 1254 234 1308 per
258 1256 315 1295 non
342 1241 512 1314 dubitarem,
537 1244 600 1301 ideo
626 1250 719 1299 tamen
748 1241 885 1315 quaesivi,
910 1246 943 1297 ut
970 1241 1005 1296 de
1031 1239 1086 1296 hoe

183 1339 296 1396 quoque
311 1326 446 1386 rationem
470 1329 602 1386 audirent
638 1330 726 1401 Saepo
750 1344 869 1400 namque
894 1325 1000 1399 aliquid
1024 1342 1086 1382 esse

63 1415 66 1424 ’
182 1410 253 1466 certi
271 1429 365 1470 sumus
384 1421 414 1470 et
428 1422 522 1473 tannen
538 1417 591 1474 hoc
608 1416 713 1472 ratione
730 1416 849 1488 probare
865 1412 1010 1470 noscimus.

262 1600 331 1686 14.
382 1637 451 1692 Bor.
479 1637 560 1694 Nune
585 1653 653 1710 rogo
680 1643 713 1692 ut
735 1638 835 1694 doceas
858 1652 918 1702 me,
948 1633 1118 1706 quomodot

182 1733 256 1772 mors
274 1719 333 1773 eius
349 1721 509 1790 praevaleat
529 1738 643 1778 numero
661 1728 689 1778 ct
706 1719 892 1794 magnitudini
908 1724 1087 1790 peccatorum
1134 1751 1137 1757 ·

183 1803 320 1869 omnium,
349 1821 413 1860 cum
436 1824 522 1862 unum
542 1807 628 1878 (quod
644 1809 776 1876 putamus
791 1805 971 1873 levissimum)
989 1819 1086 1876 pecca·

184 1892 245 1956 tum
263 1892 321 1943 tarn
338 1889 475 1945 infinitum
497 1896 646 1962 monstres,
669 1897 702 1946 ut
725 1890 749 1946 si
773 1906 902 1946 numerus
921 1886 1087 1944 obtendatur

90 2027 96 2040 ,
182 1967 308 2030 infinitus
335 1977 514 2046 mundorum,
541 1976 589 2047 qui
614 1975 654 2032 sic
680 1975 757 2047 pleni
781 1975 836 2032 sint
858 1972 991 2031 creaturis
1016 1967 1088 2028 sicut

127 2069 135 2084 '
182 2057 236 2116 iste
253 2065 307 2130 est,
330 2078 382 2117 nec
398 2061 505 2132 possint
522 2061 625 2118 servari
649 2061 717 2134 quin
734 2061 897 2134 redigantur
915 2060 945 2116 in
961 2057 1087 2128 nihilum,

183 2147 237 2203 nisi
255 2145 341 2202 iaciat
360 2145 460 2219 aliquis
479 2154 621 2219 aspectum
636 2164 724 2202 unum
734 2153 831 2203 contra
841 2147 1013 2202 voluntatem
1024 2141 1087 2214 Dei,

184 2250 241 2288 non
258 2237 351 2289 tumen
369 2232 430 2289 fieri
448 2234 583 2304 debeat.¹)
619 2236 688 2290 Ans.
717 2233 747 2290 Si
766 2249 897 2306 praesens
915 2236 988 2306 essct
1005 2230 1086 2284 homo
1104 2221 1121 2274 2

184 2312 232 2396 ilie
250 2325 277 2374 et
296 2319 357 2391 quis
378 2325 450 2376 esset
468 2319 565 2388 scires,
588 2325 617 2375 et
637 2309 775 2375 diceretur
790 2317 856 2373 tibi:
880 2313 1087 2371 nisioccideris

183 2399 322 2476 homiuem
342 2405 434 2473 illum,
460 2403 563 2477 peribit
585 2406 705 2461 mundus
728 2405 781 2460 iste
802 2409 877 2460 totus
899 2408 928 2458 et
952 2397 1089 2472 quidquid

184 2484 263 2540 Deus
286 2504 343 2544 non
363 2495 421 2560 est3
443 2489 549 2545 faceres
570 2489 623 2546 hoc
649 2508 700 2563 pro
722 2487 913 2545 conservanda
935 2484 1009 2541 omni
1033 2481 1092 2540 alia

185 2567 331 2628 creatura?
365 2576 433 2630 Bos.
454 2575 519 2633 Non
534 2574 662 2642 facerem,
689 2574 797 2632 etiamsi
813 2572 881 2629 mihi
898 2571 1022 2628 infinitus
1037 2588 1087 2627 nu·
1104 2564 1136 2618 ³1

185 2673 284 2738 merus
305 2661 468 2716 mundorum
495 2659 698 2716 obtenderetur.
734 2662 803 2717 Am.
839 2658 913 2725 Quid
941 2649 1123 2714 stiterunt

183 2740 238 2798 tibi
256 2739 407 2800 dicereturt
425 2752 475 2801 aut
492 2764 555 2802 eum
574 2747 683 2802 occidas
700 2751 750 2802 aut
761 2746 853 2802 omnia
864 2748 980 2816 peccata
992 2739 1089 2798 muudi
1132 2777 1136 2822 ἑ

185 2825 298 2882 venient
324 2846 407 2899 super
431 2830 479 2888 te?
521 2833 590 2888 Bor.
624 2831 831 2905 Responderem
854 2846 898 2888 me
922 2827 1015 2901 potius
1033 2821 1122 2884 alia⁵

184 2911 279 2990 omnia
301 2919 417 2985 peccata
438 2916 509 2973 velle
532 2918 682 2989 suscipere,
705 2933 762 2971 non
785 2917 875 2973 solum
892 2915 973 2970 huius
992 2909 1089 2969 muudi

186 3012 259 3074 ¹qtrtoe
282 2997 396 3054 fuerunt
417 3006 445 3055 et
468 3018 540 3073 quae
560 3001 655 3058 sutura
677 3008 755 3072 sunt,
783 3002 833 3060 sed
856 3007 884 3057 ct
907 3012 1090 3072 quascunque

185 3082 357 3154 superhaec
383 3085 499 3163 cogitari
523 3091 652 3158 possunt,
676 3103 759 3160 qutun
779 3088 854 3143 istud
872 3085 970 3144 solum.
1008 3078 1088 3148 Quod

184 3184 242 3223 non
266 3169 355 3224 solum
378 3169 413 3226 de
434 3171 570 3230 occisione
592 3173 650 3230 eius
673 3173 722 3228 sed
735 3161 778 3230 'et
799 3173 834 3230 de
856 3170 982 3244 qualibet
1002 3183 1091 3240 parva

257 3361 282 3428 1)
300 3357 356 3417 cfr.
374 3359 437 3419 Lib.
457 3359 479 3417 1.
497 3376 525 3428 a,
542 3351 586 3431 it,
603 3366 618 3419 ³
636 3377 677 3432 sq.

1286 2985 1289 3068 i
