2616 3826
218 289 263 356 24
400 289 428 346 S.
444 289 614 348 Ausum
631 286 939 349 amethistum

220 458 294 517 enim
313 457 376 513 vult
389 457 469 514 Deus
485 464 517 535 ut
534 459 622 531 pluat,
640 459 744 514 iustum
761 465 811 514 ost·
823 465 855 514 ut
866 460 960 530 plora
979 461 1048 516 atui
1063 459 1125 516 vnit

180 559 186 588 .·
220 547 260 596 ut.
281 542 382 614 aliquis
411 544 492 600 homo
523 545 679 622 oooidatur,
711 545 816 600 iustiun
843 552 887 602 est
914 551 946 600 ut
973 544 1125 601 occidatur.

170 629 203 679 20
221 625 397 699 Quapropter
413 629 438 684 si
465 625 522 688 non
542 632 623 687 dooet
639 631 731 687 Deum
753 632 860 704 ahquid
885 631 986 688 iniusta
1010 630 1126 686 autin·

221 712 347 770 ordinate
376 715 483 786 froeno,
513 734 569 772 non
599 719 721 788 pertinet
741 719 778 772 ad
804 719 864 774 eius
888 719 1046 775 libertatem
1075 724 1126 774 aut

221 796 422 871 benignitatem
447 803 702 873 aut-voluntatem,
730 810 905 873 peccantem,
933 805 982 875 qui
998 805 1133 860 noneol·-
1231 793 1233 800 ’

171 885 202 937 21
221 884 262 940 rit
277 886 339 942 Deo
358 888 433 958 quod
449 887 571 954 abstulit,
590 883 911 957 impunitumdimittere.
927 889 1008 944 ¹Bou.
1026 889 1125 944 Omnia
1206 927 1208 930 -

221 969 288 1027 mihi
306 971 406 1042 aufers
425 989 500 1044 quae
515 973 650 1042 putabam
665 972 718 1027 tihi
734 991 816 1045 posse
834 973 926 1030 obiici.
962 976 1033 1029 Am.
1051 973 1124 1030 Vide

221 1055 388 1126 adhuo„our
405 1059 497 1113 Deum
517 1073 573 1112 non
591 1057 688 1114 deceat
704 1059 756 1114 hoo
773 1060 883 1116 faeere?
919 1063 987 1116 Boa-
1023 1059 1129 1116 Liber--

221 1146 265 1196 ter
281 1144 411 1198 amoulto
425 1143 563 1214 quidquid
584 1143 662 1198 diois.
743 1167 746 1172 ¹

191 1347 202 1396 ¹
301 1331 374 1416 13'.
416 1345 485 1421 Am.
520 1353 597 1421 Nihil
613 1364 702 1421 miuus
727 1365 903 1422 tolerandum
924 1370 966 1422 est
985 1351 1126 1420 iurarunt

181 1489 188 1512 „1
222 1445 331 1518 ordine,
362 1466 445 1520 quam
476 1456 508 1504 ut
538 1455 665 1506 creatura
694 1448 812 1504 creatori
842 1449 966 1505 debitum
996 1451 1128 1508 honorem

165 1604 168 1610 Ι
221 1521 342 1603 auferat,
370 1539 398 1588 et
423 1553 479 1590 non
504 1535 593 1598 solvat
619 1533 695 1606 quod
724 1526 821 1590 aufert.
868 1539 934 1606 Bos,
969 1537 1031 1591 Hoo
1056 1536 1127 1592 nihil

187 1614 332 1696 islarius.
367 1619 436 1676 Ans.
455 1620 533 1677 Nihil
553 1626 646 1677 autem
664 1619 792 1676 iniustius
808 1621 950 1691 toleratur,
970 1614 1053 1694 quam
1072 1639 1127 1693 quo

181 1757 185 1769 ι
222 1702 292 1758 nihil
315 1705 406 1784 minus
431 1712 473 1763 est
499 1706 682 1762 tolerandum.
716 1707 785 1771 Bos,
812 1707 911 1778 Neque
935 1707 990 1763 hoo
1014 1712 1056 1765 est
1079 1707 1127 1766 ob·

187 1794 342 1844 3sourum.
378 1784 449 1850 Ana.
480 1791 553 1847 Puto
572 1809 646 1863 ergo,
664 1790 730 1863 quia
750 1809 805 1848 non
823 1793 898 1848 dices
917 1791 1009 1848 Deum
1027 1794 1132 1852 dehere.

223 1875 352 1945 tolerare,
389 1892 445 1948 quo
474 1878 544 1932 nihil
575 1876 704 1932 iniustius
733 1876 880 1948 toleratur,
912 1883 942 1932 ut
972 1880 1125 1946 creatura1)

183 1988 191 2032 χ
223 1976 278 2014 non
305 1961 405 2016 reddat
430 1961 491 2016 Deo
520 1959 595 2032 quod
621 1960 721 2018 aufert.
760 1965 829 2018 Bos.
863 1962 925 2035 Iuro
946 1964 1056 2034 penitus
1081 1980 1128 2018 ue·

187 2046 205 2095 4
223 2041 347 2117 gaudum
366 2062 425 2100 esse
442 2046 530 2102 video.
566 2047 635 2100 Aoo.
670 2045 742 2100 Item
765 2047 789 2101 si
806 2047 867 2102 Deo
884 2046 954 2100 nihil
971 2046 1060 2118 maius
1079 2053 1129 2104 aut

222 2130 322 2185 melius
341 2135 398 2200 est;
423 2131 493 2187 nihil
511 2129 619 2200 iustius,
640 2147 723 2202 quam
740 2147 812 2202 quae
830 2130 961 2184 honorem
975 2119 1054 2206 illius
1073 2121 1128 2186 ser-

224 2211 272 2270 v'at
291 2215 428 2282 interum
447 2217 641 2290 dispositione,
660 2233 767 2270 summa
783 2215 903 2284 iustitia,
924 2233 994 2286 quae
1012 2233 1068 2270 non
1086 2225 1128 2274 est

183 2338 187 2368 ;
221 2301 300 2356 aliud
327 2320 411 2373 quam
438 2303 498 2373 ipse
520 2301 607 2358 Deus.
641 2302 709 2354 Bos.
744 2299 806 2354 Hoc
831 2317 940 2372 quoque
960 2300 1030 2360 nihil
1049 2321 1128 2376 aper-

189 2381 309 2444 itius.'
341 2389 409 2442 Aua.
451 2387 528 2444 Nihil
562 2404 628 2458 ergo
664 2391 765 2463 servat
792 2383 869 2440 Deus
900 2375 1007 2440 ‘iustius
1043 2406 1127 2460 quam

223 2491 288 2548 suae
312 2469 456 2546 dignitatis
479 2471 618 2542 honorem.
653 2473 721 2524 Bos.
758 2469 916 2527 Consedere
941 2487 985 2529 me
1010 2479 1127 2546 oportet.

188 2561 205 2612 6
223 2561 291 2612 Ana.
326 2551 446 2620 Videtur
462 2557 522 2628 tibi,
548 2556 704 2628 quodsum
724 2558 831 2628 integre
853 2561 957 2626 servet,
982 2556 1061 2612 sisio
1079 2574 1127 2612 au·

223 2643 290 2712 ferri
315 2643 369 2698 sibi
395 2643 544 2718 permittit,
571 2648 603 2697 ut
626 2658 677 2696 nec
705 2642 827 2696 solvatur
849 2659 901 2696 neo
924 2641 985 2713 ipse
1002 2641 1127 2696 auferen-

186 2733 279 2784 item
302 2727 420 2803 puniat?
460 2731 528 2782 Bos.
563 2727 627 2789 Non
652 2727 742 2781 audeo
765 2727 864 2782 dicere.
899 2728 971 2784 Ans.
1005 2727 1128 2801 Necesse
1211 2783 1213 2788 ,

156 2871 158 2876 ,
220 2819 266 2876 est
296 2831 376 2886 erge,
412 2819 444 2869 ut
476 2803 536 2868 aut
553 2812 663 2867 ablatus
693 2811 781 2865 honor
809 2809 932 2866 solvatur
960 2819 1009 2867 aut
1037 2827 1127 2884 poena

222 2904 370 2970 sequatur3
408 2897 532 2969 alioquin
564 2902 620 2973 vaut
652 2894 706 2952 sibi
741 2895 795 2967 ipsi
830 2896 907 2951 Deus
942 2897 1032 2953 iustus
1071 2914 1127 2951 non

182 3018 187 3058 t
222 2985 276 3042 erit
305 2991 354 3038 aut
383 2985 420 3038 ad
447 2990 595 3054 utrumque
622 2973 757 3054 impote'ns
785 2981 852 3038 erit:
884 2983 959 3053 quod
981 2982 1059 3054 nefas
1085 2988 1129 3048 est

220 3070 267 3125 vel
294 3068 426 3140 cogitare.
473 3072 540 3122 Boo.
575 3067 663 3140 Nihil¹
681 3067 874 3124 rationabilius
902 3068 957 3137 diei
981 3084 1064 3137 posse
1087 3065 1128 3122 in-

222 3153 327 3226 telligo.

517 3283 646 3294 -----

143 3377 147 3386 ·
231 3311 235 3322 A
272 3313 634 3428 λ1)ιιιᾳιιοάσνεαιιινιι.]
661 3331 887 3415 haben-cl>
907 3353 995 3412 omitt.
1011 3350 1130 3424 *‚‚quooi.“
