2616 3826
312 1094 679 1192 initiatio
713 1095 1043 1195 aelionis·

199 1508 239 1592 S.
263 1531 449 1617 Anaelmua,
479 1531 742 1598 scholasticorum
770 1532 936 1600 doctorum
961 1532 1156 1619 princepa¹i

198 1641 227 1690 a.
252 1623 333 1688 1033
358 1625 392 1688 in
411 1627 559 1709 Augusta
579 1625 746 1692 Praetoiia
765 1625 896 1692 civitate
916 1625 1158 1692 Pedemontana

198 1715 293 1772 natus
325 1715 375 1774 est
407 1709 594 1793 parentibus
627 1715 659 1773 ct
691 1709 812 1776 divitiis
844 1717 877 1774 et
910 1710 1009 1775 nobili
1038 1729 1157 1794 genero
1244 1760 1245 1763 ,

198 1791 533 1944 teatio-otto
560 1793 1157 1964 eteteetteeeee

1149 1931 1157 1964 i

222 1979 277 2027 rae
312 1961 451 2046 negotiis
487 1962 706 2030 saecularibus
747 1963 977 2031 instituendum
1014 1965 1159 2049 neglexit

197 1981 315 2132 ilium,
341 2053 445 2114 mater
470 2056 578 2114 autem
599 2048 818 2133 Ermenbcrga
838 2048 952 2116 officiis
973 2049 1157 2115 domesticis

197 2131 297 2216 probe
326 2131 436 2198 iuncta
466 2132 542 2198 inde
574 2153 595 2198 a
624 2133 729 2218 prima
759 2135 900 2219 poetitia
925 2134 1012 2201 illius
1043 2140 1157 2219 pectus

197 2216 320 2364 Pietate
354 2217 476 2283 studuit
508 2219 659 2283 imbuere.
712 2219 751 2282 In
782 2218 987 2304 disciplinam
1020 2219 1157 2285 traditis

211 2301 373 2385 iteratque
396 2303 545 2387 edoctus,
574 2322 671 2386 quum
693 2303 833 2370 nondum
855 2305 1017 2388 attigisset
1040 2304 1157 2369 aetatis

198 2405 316 2460 annum
338 2386 484 2470 quintum
511 2387 681 2472 decimum‚
711 2390 748 2453 A.
770 2389 811 2454 de
832 2389 919 2454 vitae
940 2389 1157 2471 monachicae,

221 2489 295 2535 uam
309 2471 380 2538 Deo
402 2472 541 2537 maxime
556 2472 789 2557 acceptabilem
810 2472 1016 2556 existimavit,
1038 2489 1157 2572 genere

198 2489 370 2638 ieligcndo
391 2558 525 2624 multum
548 2577 586 2622 ac
611 2577 683 2624 cum
698 2557 812 2623 ardore
827 2556 965 2640 quodam
986 2558 1157 2642 cogitavit3
1256 2643 1260 2648 .

198 2659 310 2705 verum
342 2661 401 2726 spe
434 2642 618 2728 stiantius,
650 2641 718 2708 fore
750 2647 785 2707 ut
817 2648 928 2707 contra
959 2641 1158 2709 voluntatem

273 2809 299 2871 1)
316 2807 373 2863 Gir.
394 2810 535 2864 Eadm·
551 2807 683 2864 Cantuar.
702 2807 831 2864 Monachi
848 2808 915 2864 ord.
934 2809 961 2865 S.
979 2809 1084 2866 Bened.
1100 2808 1158 2889 [qui

199 2877 228 2935 S.
245 2877 316 2932 Ans.
336 2878 446 2934 auditor
473 2886 502 2934 et
522 2877 675 2948 discipulus
698 2877 896 2946 exiliorumque
925 2885 953 2932 et
970 2879 1097 2934 laborum
1115 2895 1157 2932 m·

200 2946 330 3002 dividuus
350 2963 441 3012 comeo
464 2945 541 3020 fuit]‚
566 2946 644 3002 testie
667 2946 723 3002 fide
745 2946 812 3002 satie
831 2946 909 3018 digni
926 2945 1023 3017 „Libri
1041 2947 1104 3000 Duo
1123 2945 1158 3002 de

199 3015 267 3072 Vita
278 3014 306 3072 S.
320 3015 462 3070 Aneelmi“
480 3033 531 3071 nec
549 3033 605 3070 non
624 3015 764 3084 „Historia
782 3015 945 3071 Novomna“
966 3015 1009 3071 ed.
1021 3015 1110 3069 Maur.
1124 3045 1159 3056 —-

217 3083 265 3138 Dr.
289 3085 313 3139 Ι.
337 3086 373 3138 Α.
396 3085 534 3138 Miihler’a
559 3084 745 3139 Gesammettc
770 3083 907 3140 Schriften
929 3085 988 3138 und
1014 3084 1157 3140 Aufeittze.

199 3125 338 3225 hemusg.
357 3171 389 3206 .v.
413 3152 585 3224 Dollingcrf‘
620 3153 727 3208 Ratieb.
754 3157 819 3208 1839
847 3169 888 3224 eq.
914 3152 936 3222 1,
959 3159 983 3222 3,
1009 3158 1042 3207 32
1061 3169 1101 3224 sq.
1122 3181 1158 3196 —·-

199 3222 332 3291 ,Ληθὼ
355 3239 410 3278 von
432 3220 616 3294 cantoriam-y.
652 3221 824 3294 Dargectellt
846 3235 901 3276 ven
925 3224 959 3276 F.
985 3221 1022 3274 R.
1039 3221 1157 3276 Hacac.“

200 3290 315 3346 2Tomi
341 3291 419 3363 Lipe.
444 3307 487 3346 aa.
511 3296 575 3346 1843
600 3297 629 3346 et
655 3295 720 3347 1852
736 3290 798 3359 -ed.‚
823 3306 940 3362 quorum
964 3307 1036 3344 unua
1062 3290 1157 3361 vitam,

198 3357 269 3416 alter
285 3359 439 3417 docuinam
457 3359 484 3419 S.
495 3359 573 3415 'Ana
592 3359 791 3432 complectitur.
1207 3362 1211 3368 ’
