2616 3826
248 305 288 376 76
430 305 458 363 S.
478 303 649 363 ANSELMI
664 302 972 362 CANTUABIENSIS

193 479 226 532 ³3
243 480 345 544 mane,
370 480 399 530 et
415 490 472 534 nou
487 491 538 545 per
555 473 723 530 eemundus
742 491 802 530 esse
820 474 870 530 sed
886 491 938 545 per
956 471 1041 528 illam.
1076 471 1146 528 Aac.
1215 539 1218 544 Ι

242 558 306 615 Non
323 559 364 614 ita
387 564 437 616 est.
474 559 683 632 sedquoniam
707 559 803 629 matris
824 558 962 614 munditia
986 573 1038 628 per
1063 574 1147 629 quam

242 645 362 700 mundus
386 648 440 714 est,
465 662 522 708 non
539 645 594 702 fuit
610 645 665 701 nisi
683 643 719 701 ab
737 643 799 713 illo,
824 643 885 715 ipse
908 659 1019 716 quoque
1042 659 1093 714 per
1117 659 1148 698 se

229 730 332 816 {ipsum
351 736 380 786 et
396 746 413 784 a
430 747 460 786 se
478 731 597 786 mundus
613 730 675 792 fuit
788 781 789 784 ,

210 893 223 946 1
320 865 374 953 16
397 867 433 953 b.
469 904 536 957 Bos.
574 901 683 967 Bene1)
710 906 753 956 est
777 901 810 956 de
835 901 898 956 hoc.
932 901 1038 958 Verum
1055 899 1148 957 adhuc

241 983 309 1040 mihi
326 983 404 1041 aliud
429 984 539 1042 videtur
565 986 760 1060 quaerendum.
794 986 923 1042 Diximus
943 987 1017 1042 enim
1033 989 1147 1057 snpra‘2)

241 1069 309 1146 quia
330 1088 387 1126 non
413 1071 578 1128 necessitate
603 1071 751 1126 moutam
779 1075 851 1140 erat,
877 1077 906 1126 et
931 1089 1005 1128 nuno
1022 1072 1148 1128 ridemus

242 1156 308 1228 quia
329 1160 418 1214 mater
442 1157 500 1213 eius
522 1173 572 1229 per
596 1156 655 1211 eius
680 1162 797 1210 mortem
820 1156 944 1213 futuram
965 1158 1069 1214 munda
1085 1157 1148 1228 fuit,

242 1242 317 1323 quod
345 1241 399 1296 nisi
424 1234 474 1298 illa
500 1241 614 1308 fuisset,
640 1243 701 1312 ipse
727 1241 762 1296 de
787 1241 836 1296 illa
854 1259 914 1298 esse
931 1260 987 1298 non
1004 1242 1148 1316 potuisset.

209 1324 386 1390 2Quomodo
412 1342 479 1398 ergo
506 1343 563 1380 non
589 1326 754 1382 necessitate
779 1333 903 1382 mortuus
930 1334 985 1396 est,
1012 1327 1062 1398 vqui
1092 1343 1150 1384 non
1186 1345 1188 1351 ⁸

241 1410 388 1482 nisiquia
417 1411 565 1470 momttuus
594 1419 654 1467 erat
681 1411 773 1483 potuit
798 1412 876 1468 esse?
930 1413 1003 1470 Nam
1035 1412 1060 1467 si
1090 1429 1148 1468 mo·

241 1495 344 1550 siturus
369 1514 427 1552 non
451 1504 537 1567 esset,
565 1497 654 1570 Virgo
673 1497 708 1552 de
732 1513 788 1568 qua
806 1504 944 1554 assumtus
962 1503 1017 1567 est,
1044 1498 1148 1554 munda

241 1599 297 1636 non
334 1581 448 1654 diisset„
491 1581 622 1652 quoniam
661 1581 715 1638 hoc
748 1599 925 1654 nequaquam
960 1581 1049 1638 valuit
1089 1601 1149 1642 esse

241 1668 296 1724 nisi
323 1685 426 1724 ¹reram
456 1667 515 1724 eius
544 1673 660 1723 mortem
688 1665 840 1738 credendo,
875 1685 928 1724 nec
941 1719 943 1724 ,
956 1667 1004 1722 ille
1032 1667 1068 1724 de
1099 1669 1149 1724 illa

208 1751 334 1826 ³pet11it
373 1755 454 1810 aliter
499 1752 610 1822 assumi.
663 1751 756 1817 Quare
793 1753 818 1808 si
854 1771 911 1809 non
947 1759 1070 1808 mortuus
1108 1760 1150 1810 est

243 1858 277 1897 ex
311 1841 476 1898 necessitate
510 1843 660 1911 postquam
682 1847 839 1895 ‘assumtus
876 1845 918 1896 est
953 1840 989 1900 de
1024 1839 1148 1911 Virgine,

241 1925 333 1997 potuit
356 1944 413 1983 non
436 1941 497 1980 esse
521 1929 660 1980 assumtus
686 1923 720 1980 de
739 1925 857 1998 Virgine
880 1930 1028 1998 postquam
1046 1931 1088 1980 est
1105 1941 1148 1980 as·

208 2011 364 2080 tsumtus3
395 2012 470 2082 quod
494 2027 551 2066 non
574 2015 617 2064 est
638 2009 778 2078 possibile.
820 2012 891 2068 Ana.
927 2009 957 2066 si
980 2009 1051 2064 bene
1076 2025 1148 2084 quae

242 2111 326 2166 supra
355 2095 429 2150 diota
459 2099 524 2150 sunt
553 2093 771 2164 considerasses,
804 2113 871 2150 sane
901 2095 1091 2166 quaestionem
1119 2093 1149 2149 in

242 2178 311 2249 illis,
334 2173 367 2233 ut
391 2184 475 2249 puto,
501 2177 620 2233 solutam
643 2177 833 2237 intellexisses.
871 2184 940 2235 Bos.
978 2180 1043 2237 Non
1067 2179 1148 2248 video

208 2270 223 2320 5
242 2264 387 2336 quomodo.
413 2265 483 2338 Assa
500 2263 608 2327 Nonne,
630 2264 742 2334 quando
759 2265 944 2336 quaesivimus
952 2265 974 2336 ³)
991 2269 1085 2320 utrum
1101 2264 1149 2319 ifle

240 2349 352 2420 mentiri
369 2349 500 2421 potuerit,
519 2347 745 2421 monstravimus,
770 2351 799 2406 in
821 2350 980 2407 mentiendo
999 2349 1068 2405 duas
1086 2365 1147 2404 esse
1181 2412 1183 2416 .

240 2441 405 2508 potestates,
426 2425 514 2493 'unam
530 2433 662 2489 videlicet
678 2433 792 2490 volendi
809 2436 919 2492 mentiri
938 2436 1054 2492 alteram
1073 2452 1149 2490 men-

240 2521 343 2602 tiendi3
370 2527 399 2578 et
424 2521 568 2595 quoniam,
591 2537 655 2575 cum
676 2521 828 2576 mentiendi
843 2526 1009 2593 potestatem
1025 2521 1148 2590 haberet,

240 2603 293 2662 hoc
312 2623 329 2662 a
350 2607 441 2677 seipso
458 2607 558 2662 habuit
577 2611 681 2662 utnon
698 2611 794 2677 posset
813 2605 883 2662 velle
900 2605 1026 2676 mentiri3
1044 2605 1148 2662 idcirco

242 2691 277 2746 de
297 2707 348 2745 sua
366 2685 474 2746 iustitia
491 2709 547 2763 qua
565 2691 710 2746 veritatem
729 2691 857 2762 servavit,
874 2710 939 2748 eum
955 2709 1015 2748 esse
1033 2691 1149 2752 laudan·

208 2775 330 2832 ddum?
368 2780 436 2832 Boe.
473 2775 519 2831 Ita
546 2781 595 2831 ost
638 2776 706 2830 Aac.
742 2775 874 2833 Similiter
898 2784 941 2834 est
958 2778 989 2832 in
1013 2775 1150 2834 servando

242 2859 329 2916 sitam
343 2866 468 2937 potestas
485 2859 598 2921 volendi
609 2877 719 2918 servare
731 2867 760 2934 et
775 2867 899 2934 potestas
911 2863 1047 2920 servandi.
1077 2861 1150 2918 (lum

242 2961 309 3020 ergo
326 2945 476 3020 quaeritur,
497 2949 590 3004 utrum
607 2945 682 3003 idem
700 2945 778 3003 Deus
799 2947 882 3004 homo
901 2948 1023 3022 potuerit
1039 2963 1150 3006 semare

289 3091 291 3100 '
313 3101 339 3170 1)
361 3097 455 3158 Unius
477 3107 586 3156 tantum
608 3098 718 3156 Codicis
741 3101 814 3170 (Aa)
841 3103 992 3158 auctoritas
1012 3097 1149 3157 Gerbero-

239 3169 318 3251 nium
336 3169 464 3241 adduxit,
488 3176 521 3225 ut
544 3171 673 3226 voculam
697 3172 762 3225 bene
785 3173 927 3228 exordium
952 3175 1088 3227 statueret
1103 3185 1150 3224 ca·

304 3244 411 3375 syce.
430 3307 452 3375 1,
470 3311 537 3364 ae.
561 3307 667 3376 10311‚
685 3313 728 3364 so.
746 3315 786 3365 11.

311 3377 337 3443 3)
358 3376 450 3447 Supra
467 3393 491 3432 c.
512 3381 553 3444 10,
572 3381 648 3454 laq.
696 3387 707 3409 ‘
