2616 3826
209 303 256 370 40
398 299 426 357 S.
445 299 615 360 Ausum
632 298 939 358 CANTUARIENSIS

212 471 319 544 absque
337 470 412 526 omni
431 470 633 536 satisfactione,
656 469 742 525 talem
761 485 869 540 semper
885 484 1046 522 mansurum
1062 465 1116 520 sal·

212 563 269 614 tem
295 557 325 611 in
350 555 524 627 paradisum,
556 555 591 610 de
616 571 670 626 quo
693 555 796 611 eiectus
819 547 925 622 fuerat',
950 549 1117 606 reduceret?

162 639 195 690 13
212 643 283 700 Boe.
318 639 547 711 Similitudinem,
575 640 599 694 si
616 640 693 696 Deus
714 639 768 696 hoc
790 639 907 708 faceret,
933 653 1036 708 negare
1061 649 1117 691 non

212 727 302 782 audeo
319 732 348 785 et
370 726 473 782 ideirco
497 744 561 783 eum
582 727 635 782 hoe
653 726 743 782 facere
760 743 841 797 posse
859 742 916 780 non
932 740 1033 779 annuo.
1066 720 1116 778 Vi·

214 811 327 869 deretur
356 811 430 867 enim
460 818 509 866 aut
533 812 607 884 quod
630 818 811 882 proposuerat
833 827 968 882 peragere
989 825 1046 862 non
1067 823 1116 877 po-

212 897 313 967 tuisse,
343 902 392 950 aut
419 896 486 953 boni
515 896 650 968 propositi
679 914 742 954 eum
771 897 956 968 poenituissc3
989 909 1062 965 quae
1086 891 1117 945 in

162 978 195 1030 ¹4
212 982 305 1038 Deum
328 981 427 1036 eadere
453 989 600 1053 nequeunt
641 984 711 1036 Ace.
745 981 822 1036 Tene
847 981 934 1052 igitur
957 978 1116 1043 certissime,

211 1068 278 1139 quia
321 1066 380 1122 sine
420 1066 608 1122 satisfactione
642 1068 659 1122 i.
697 1084 719 1123 e.
756 1068 816 1122 sine
859 1066 946 1122 debiti
980 1063 1118 1120 solutione

213 1158 368 1224 spontanea
385 1167 436 1206 nee
455 1153 532 1208 Deus
560 1160 653 1224 potest
675 1158 822 1223 peccatum
842 1151 1009 1222 impunitum
1027 1147 1117 1202 dimit·

212 1243 271 1296 tere
293 1255 345 1294 nec
372 1243 502 1307 peccator
527 1240 565 1294 ad
587 1239 788 1295 beatitudinem
811 1238 857 1292 vel
880 1237 979 1303 talem,
1008 1233 1117 1305 qualem

211 1321 335 1378 habebat
356 1327 506 1391 antequam
533 1330 676 1394 peccaret,
701 1323 859 1395 pervenire3
885 1339 954 1376 non·
967 1320 1041 1376 enim
1064 1319 1119 1374 hoc

213 1407 295 1462 modo
325 1411 500 1477 repararetur
524 1407 606 1463 homo
632 1409 677 1464 vel
702 1409 780 1478 talis,
809 1407 900 1480 qualis
929 1406 1021 1461 fuerat
1053 1409 1118 1460 ente

163 1493 195 1546 15
212 1495 368 1563 peecatum.
417 1494 485 1546 Boe.
520 1492 686 1549 Rationibus
712 1493 768 1548 tuis
796 1492 905 1548 omnino
930 1490 1118 1547 contradicere

212 1592 268 1634 non
284 1593 407 1647 possum.
443 1575 499 1632 Sed
518 1579 586 1650 quid
606 1582 661 1649 est,
681 1580 756 1650 quod
775 1578 890 1635 dicimus
910 1576 985 1633 Deo:
1011 1574 1118 1628 dimitte

210 1664 292 1717 nobie
315 1664 410 1718 debite
436 1665 578 1732 nostrast)
603 1670 631 1719 et
653 1666 742 1720 omnis
761 1683 832 1738 gens
851 1670 912 1722 orat
926 1663 1018 1718 Deum
1036 1677 1119 1732 quem

163 1754 196 1805 16
213 1748 309 1818 credit,
327 1755 359 1804 ut
377 1747 499 1804 dimittat
515 1749 570 1805 sibi
587 1750 723 1820 peecata?
750 1750 780 1808 Si
799 1751 872 1806 enim
891 1749 1023 1804 solvimus
1043 1743 1119 1818 quod

214 1835 362 1902 debemus,
384 1850 434 1888 cur
452 1851 574 1905 oramus,
597 1841 630 1890 ut
647 1835 788 1890 dimittat?
823 1833 968 1905 Numquid
984 1835 1061 1888 Deus
1078 1831 1119 1885 in·

213 1919 303 1978 iustis
322 1923 379 1987 est,
403 1925 435 1974 ut
460 1921 559 1976 iterum
578 1921 672 1992 exigat
688 1922 762 1993 quod
783 1922 904 1978 solutum
923 1919 987 1974 est‘?
1023 1916 1053 1974 si
1070 1933 1119 1971 au·

212 2011 269 2060 tem
285 2021 343 2058 non
365 2002 512 2074 solvimus,
537 2021 586 2059 cur
610 2005 714 2058 frustra
736 2020 860 2073 oramus,
883 2011 915 2058 ut
932 2003 1016 2058 faciat
1036 2001 1121 2073 quod,

163 2096 196 2147 17
214 2087 353 2158 quianon
377 2087 520 2156 convenit,
544 2086 637 2140 facere
660 2101 716 2139 non
738 2086 849 2154 potest?
883 2088 954 2142 Arse.
989 2087 1044 2151 Qui
1059 2077 1120 2140 ‘non

214 2171 310 2240 solvit,
335 2171 439 2225 frustra
457 2171 536 2226 dicit:
564 2171 688 2238 dimittc5
712 2169 761 2240 qui
783 2175 876 2226 autem
894 2171 988 2240 solvit,
1014 2171 1120 2241 suppli-

214 2261 273 2326 cat,
297 2255 428 2327 quoniam
444 2257 497 2310 hoe
514 2256 606 2326 ipsum
622 2254 743 2326 pertinet
769 2256 806 2309 ad
822 2256 986 2312 solutionem
1002 2261 1035 2310 ut
1050 2273 1120 2326 sup·

213 2343 312 2414 plioct;
329 2357 394 2396 nam
412 2341 490 2395 Deus
509 2339 580 2393 nulli
596 2338 747 2410 quidquam
766 2341 857 2411 debet,
874 2342 924 2396 sed
942 2341 1030 2398 omnis
1044 2357 1119 2396 eree·

214 2435 278 2484 tura
302 2426 344 2482 illi
371 2426 470 2494 debet;
502 2431 529 2481 et
552 2425 616 2480 ideo
640 2443 696 2481 non
719 2426 831 2497 expedit
856 2425 973 2495 homini,
997 2430 1032 2480 ut
1053 2430 1121 2498 agat

163 2521 197 2572 18
215 2531 279 2568 cum
302 2512 380 2580 Deo,
409 2511 640 2582 quemadmodum
664 2527 718 2582 par
742 2512 900 2583 cum‘pari.
935 2511 992 2568 Sed
1015 2512 1120 2568 dehoc

214 2617 272 2660 non
290 2602 332 2654 est
354 2614 424 2667 opus
447 2613 521 2652 nunc
546 2595 599 2652 tibi
620 2597 794 2668 respondere.
829 2597 899 2652 (dum
924 2595 997 2653 cuim
1015 2607 1120 2668 'coguo-

215 2699 289 2751 sces,
315 2699 364 2736 cur
383 2681 508 2738 Christus
529 2688 653 2737 mortuus
678 2688 735 2752 est,
758 2682 875 2738 forsitan
898 2700 949 2754 per
961 2688 994 2738 'te
1011 2681 1119 2736 videbis

164 2781 197 2832 19
215 2767 290 2840 quod
319 2766 436 2838 quaeris.
480 2770 548 2823 Boe.
585 2765 694 2822 Sufficit
722 2784 788 2840 ergo
809 2785 883 2823 nunc
905 2768 1016 2838 mihi,¹)
1044 2765 1120 2838 quod

215 2854 251 2908 de
269 2852 322 2908 hac
339 2852 501 2923 quaestione
525 2852 683 2923 respondes.
719 2854 800 2918 Quod
817 2859 911 2910 autem
928 2853 1021 2910 nullus
1038 2852 1120 2908 homo

162 3003 163 3008 ἵ
214 2939 252 2994 ad
276 2936 478 2998 beatitudinem
501 2937 645 3009 pervenire
669 2944 754 3008 queat
773 2956 837 2995 cum
853 2945 968 3010 peccato
984 2942 1034 2993 aut
1051 2934 1121 2991 solvi

214 3041 233 3080 a
248 3029 380 3096 peocmo,
406 3021 460 3078 nisi
480 3021 569 3076 solvat
585 3022 661 3094 quod
677 3023 770 3094 rapuit
786 3025 942 3096 peccando,
965 3023 1006 3078 sic
1026 3026 1122 3092 aperte

214 3109 384 3180 monstrasti,
400 3114 441 3178 ut,
459 3108 567 3164 etiamsi
584 3107 675 3176 velim,
691 3124 749 3164 non
765 3109 869 3180 possim
886 3109 1022 3166 dubitare.

285 3286 310 3348 ιι
332 3282 430 3338 Mauh.
449 3286 473 3352 e,
495 3285 533 3336 ιι.
591 3249 593 3256 ’

283 3354 311 3421 2)
332 3351 501 3408 SioAabc
520 3347 661 3404 Bura.
