2616 3826
362 295 439 352 OUR
456 294 557 352 DEUS
573 292 692 350 HOMO.
727 294 750 348 Ι.
770 299 811 350 23.
830 299 873 351 24.
1028 293 1070 362 47

166 467 271 535 reddit,
292 482 356 521 vere
375 464 493 520 iniustm
513 471 563 520 est.
599 463 629 520 Si
645 481 710 520 vero
729 481 785 519 non
801 469 909 534 potest,
934 462 1071 535 quomodo

166 552 286 606 iniustus
308 550 369 606 est?
405 551 477 604 Aac.
510 549 640 605 Forsitan
662 551 686 604 si
707 549 785 604 nulla
808 549 837 603 in
859 549 907 604 illo
927 555 970 604 eet
986 549 1106 620 impe-3

166 637 271 694 tentiae
296 653 393 705 cauea,
421 635 596 706 aliquatenus
624 634 747 690 excumri
773 640 873 706 potest.
912 635 969 692 Sed
992 635 1017 690 si
1042 634 1073 688 in

167 722 230 792 ipsa
245 720 409 792 impotentia
433 727 475 777 eet
494 721 591 792 culpa:
621 721 693 775 siout
718 737 774 775 non
797 720 903 791 levigat
919 726 1074 790 peccatum,

167 807 208 862 ita
229 823 285 861 non
310 809 426 860 excusat
451 821 507 860 non
527 804 690 860 reddentem
711 803 844 860 debitum.
879 805 951 861 Nam
968 805 993 860 ei
1012 806 1074 877 quie
1092 812 1108 863 4

169 891 299 963 iniungat
323 890 438 961 aliquod
461 907 530 960 opus
554 905 633 944 servo
656 906 707 944 auo
732 895 760 946 et
783 889 937 960 praecipiet
959 890 1015 960 illi,
1038 907 1075 944 ne

170 976 284 1032 deiiciat
303 993 332 1032 ee
350 976 379 1030 in
405 974 515 1032 foveam
533 990 616 1046 quam
640 974 683 1028 illi
699 979 876 1043 monstrat‚¹)
894 976 969 1032 unde
986 975 1075 1031 nulla·

170 1069 251 1118 tenue
271 1061 346 1118 exire
364 1060 466 1132 poseit3
493 1064 521 1116 et
538 1076 634 1115 servus
653 1058 700 1114 ille
719 1063 896 1113 contemnem
913 1059 1075 1114 mandatnm

171 1153 200 1202 et
226 1145 403 1202 monitionem
425 1146 529 1200 domini
551 1145 595 1200 aui
617 1149 764 1214 spontane
782 1143 812 1197 in
830 1150 1077 1214 praemonstratam

170 1232 263 1286 mittat
286 1230 411 1299 foveam,
436 1235 468 1284 ιιι
491 1229 650 1286 nullatenus
671 1228 761 1299 possit
778 1228 932 1284 iniunctum
950 1247 1020 1301 opua
1037 1230 1077 1286 ef·

169 1317 266 1372 ficere:
294 1321 413 1387 putasne
437 1314 480 1368 illi
507 1314 683 1386 aliquatenus
711 1314 904 1385 impotentiam
929 1315 1014 1370 istam
1038 1316 1076 1370 ad

170 1403 375 1458 excusationem
402 1401 511 1470 valere,
542 1417 593 1456 cur
623 1418 693 1471 opua
716 1399 871 1455 iniunctum
894 1418 949 1456 non
972 1400 1076 1456 faciat?

171 1490 239 1543 Boe.
274 1486 359 1545 Nullo
385 1486 480 1555 modo,
507 1486 557 1540 sed
583 1486 620 1541 ed
646 1492 827 1557 augmentum
852 1485 945 1556 potius
969 1487 1111 1557 cnlpae,5

172 1572 303 1643 quoniam
326 1573 386 1644 ipse
411 1570 602 1642 impotentiam
625 1572 702 1626 illam
726 1571 780 1626 sibi
805 1570 881 1626 fecit.
921 1569 1079 1641 Dupliciter

172 1673 293 1728 namque
318 1657 459 1728 peccavit,
487 1657 552 1728 quia
576 1662 604 1712 et
629 1657 704 1727 quod
730 1656 821 1710 iussus
848 1659 891 1709 est
910 1653 1005 1710 facere
1022 1673 1079 1711 non

172 1740 249 1808 fecit,
268 1746 297 1796 et
314 1742 390 1812 quod
406 1748 588 1812 praeceptum
608 1746 651 1798 eet
669 1757 705 1796 ne
721 1739 828 1795 faceret
839 1738 914 1794 fecit
944 1741 1015 1794 Aac.
1035 1740 1080 1796 Ita
1097 1746 1113 1797 6

174 1823 273 1892 homo,
295 1823 343 1894 qui
366 1840 396 1879 ee
416 1832 515 1898 sponte
533 1826 670 1898 obligavit
695 1825 743 1881 illo
770 1824 864 1882 debito
882 1824 957 1895 quod
974 1825 1081 1882 solvere

175 1925 232 1964 non
248 1914 394 1978 potestat
411 1928 462 1966 oua
479 1912 563 1982 culpa
582 1911 684 1968 deiecit
701 1928 732 1966 ee
749 1911 779 1966 in
790 1910 862 1966 hanc
880 1909 1080 1980 impotentiam,

175 1999 208 2048 ut
225 2005 277 2049 nac
293 1993 364 2049 illud
378 1997 467 2066 possit
485 1995 593 2052 solvere
610 1996 686 2067 quod
705 1995 829 2054 debebat
845 2002 911 2052 ante
926 2003 1081 2067 peccatum,

174 2079 205 2134 id
222 2086 273 2149 eet,
290 2097 326 2136 ne
344 2088 487 2152 peccaret,
503 2098 555 2137 nec
572 2082 625 2138 hoo
643 2082 719 2154 quod
735 2083 832 2153 debet,
855 2082 923 2155 quia
940 2083 1082 2154 peccavit:

174 2164 372 2224 inexcusabilis
400 2172 450 2222 eet.
494 2163 561 2236 Ipsa
587 2183 708 2239 namque
735 2167 899 2239 impotentia
925 2169 1011 2239 culpa
1031 2168 1115 2238 cett

175 2251 242 2322 quia
265 2269 322 2307 non
345 2249 429 2307 debet
449 2266 512 2306 eam
536 2250 654 2322 habere,
679 2253 735 2310 imo
762 2253 845 2310 debet
869 2269 931 2309 eam
957 2270 1013 2308 non
1034 2253 1083 2308 ha

176 2335 259 2406 bere3
294 2353 360 2392 nam
390 2335 463 2390 sicut
492 2335 576 2406 culpa
605 2343 647 2392 eet
676 2355 733 2394 non
761 2337 866 2394 habere
896 2339 971 2409 quod
1001 2338 1084 2394 debet

177 2419 294 2490 habere,
319 2421 359 2476 ita
385 2421 471 2492 culpa
497 2416 664 2477 esthabere
691 2423 766 2494 quod
792 2421 875 2478 debet
901 2440 956 2478 non
972 2422 1082 2478 habere.
1114 2462 1116 2472 .

177 2505 257 2561 Sicut
288 2523 354 2579 ergo
381 2507 465 2578 culpa
494 2511 537 2562 eet
564 2504 669 2562 homini
698 2522 755 2561 non
784 2506 889 2562 habere
917 2510 1117 2577 potestateme

177 2589 270 2660 illam,
299 2593 383 2662 quain
412 2591 521 2661 accepit
548 2595 581 2645 ut
607 2595 702 2660 posset
727 2607 824 2646 cavere
850 2597 1012 2662 peccatum,
1042 2593 1083 2648 sic

178 2675 263 2746 culpa
287 2682 331 2731 eet
350 2675 392 2730 illi
414 2675 517 2732 habere
544 2674 748 2745 impotentiam,
781 2693 838 2748 qua
871 2694 924 2733 nec
949 2676 1085 2734 iustitiam

178 2767 274 2816 tenere
290 2766 319 2815 et
337 2767 485 2831 peccatum
502 2775 613 2830 cavere,
631 2776 684 2816 nec
705 2761 780 2832 quod
799 2779 850 2832 pro
867 2769 983 2834 peccato
1001 2764 1085 2821 debet

178 2844 296 2901 reddere
323 2850 424 2917 potest
472 2845 578 2916 Sponte
603 2859 725 2915 namque
752 2845 832 2917 fecit,
864 2849 939 2906 unde
963 2849 1119 2920 perdiditt

178 2927 256 2984 illam
274 2936 443 3001 potestatem
460 2938 489 2988 et
507 2929 620 2986 devenit
638 2926 669 2983 in
686 2929 759 2986 hanc
777 2931 975 3003 impotentiam.
1005 2935 1085 2992 Idem

181 3012 254 3068 enim
277 3018 335 3083 eet,
363 3031 420 3071 non
441 3015 547 3072 habere
570 3020 737 3086 potestatem
760 3033 844 3088 quam
868 3018 952 3075 debet
974 3018 1086 3088 habere,

181 3103 211 3154 et
233 3096 337 3154 habere
359 3098 551 3172 impotentiam
576 3117 661 3172 quam
686 3099 771 3158 debet
794 3119 850 3158 non
866 3103 978 3161 habere.
1012 3101 1138 3170 Qua-1⁰

181 3190 296 3254 propter
325 3183 489 3255 impotentia
517 3185 655 3242 reddendi
680 3185 743 3242 Deo
775 3187 851 3258 quod
883 3187 979 3256 debet,
1015 3202 1087 3257 quac

254 3338 279 3405 1)
298 3344 435 3392 monstrat
451 3336 559 3393 Aabo
576 3336 661 3394 ΕΜ
678 3369 712 3380 -
729 3338 912 3408 demonstrat:
