2616 3826
363 295 441 354 OUR
458 295 560 356 DEUS
577 294 695 352 HOMO.
730 293 768 352 ΙΙ.
789 299 865 352 3-5,
1031 292 1075 359 55

169 471 284 538 popter
301 483 331 522 sc
346 465 439 524 facere
457 483 541 538 qrrnm
557 472 671 538 propter
688 465 758 522 nos?
793 465 918 522 Atsiita
929 468 980 534 est,
991 478 1075 536 quam

169 552 288 626 gratim
315 553 357 612 illi
385 552 519 608 debemus
550 569 601 623 pro
631 569 664 608 eo
691 552 766 624 quod
792 549 861 607 fecit
884 554 997 621 propter
1025 545 1075 603 se?

169 637 313 703 Quomodo
345 637 430 694 etiam
465 644 589 704 noemam
623 637 823 708 imputabimus
861 633 980 690 salutem
1016 631 1076 688 eius

168 723 288 794 madeo,
310 722 335 778 si
352 739 403 778 nos
421 723 512 778 salvat
528 721 712 783 necessitate?
747 721 819 776 Aac.
854 721 907 776 Est
923 718 1076 774 necessitas
1093 721 1109 772 3

169 823 241 878 quse
259 807 444 864 benefacienti
467 809 586 880 gretiam
610 807 703 865 uuimt
718 813 768 862 aut
784 805 897 876 minuit,
923 809 952 860 et
970 809 1012 860 est
1028 819 1076 858 ne·

169 891 285 948 cessitas
306 910 363 963 qus
384 893 471 950 maior
490 892 626 951 beneficio
646 891 738 966 gratia
758 891 882 950 debebit.
910 889 982 946 Cum
1001 887 1076 944 enim

168 976 270 1050 aliquis
301 995 336 1034 ea
361 979 525 1036 necessitate
553 979 598 1034 cui
627 977 755 1034 subiacet
781 975 898 1044 invitus,
925 973 1073 1042 benefacit,

169 1067 219 1118 cut
234 1064 313 1119 nulla
335 1070 386 1120 aut
402 1065 492 1120 minor
507 1065 558 1120 illa
574 1064 665 1135 matie
682 1062 806 1120 debetur.
842 1061 913 1118 Cum
930 1077 995 1116 vero
1014 1059 1076 1130 ipse
1092 1057 1109 1108 4

169 1162 200 1201 sc
217 1153 316 1218 sponte
336 1149 495 1206 necessitati
512 1147 706 1204 benefaciendi
721 1147 818 1202 subdit
835 1162 888 1202 nec
898 1144 1001 1200 invitus
1013 1160 1075 1200 eam

168 1231 295 1302 sustinet,
314 1239 381 1289 tunc
398 1234 495 1306 utique
512 1233 641 1290 beneficii
658 1233 777 1306 gratim
794 1237 915 1288 meretur
934 1229 1074 1286 maiorem.

168 1317 233 1374 Non
249 1319 323 1374 enim
341 1319 412 1376 haec
430 1324 473 1374 est
493 1317 612 1374 dicenda
635 1318 786 1376 necessitas
811 1317 860 1373 sed
884 1315 987 1388 grans,
1010 1313 1076 1385 quia

168 1403 246 1460 nullo
264 1411 382 1477 cogente
399 1402 476 1461 illam
494 1405 619 1475 suscepit
635 1410 684 1461 sut
700 1409 792 1463 servat
812 1404 862 1458 sed
879 1402 976 1475 gratis.
1002 1399 1106 1460 Nam5

169 1489 285 1562 siquod
302 1490 384 1546 hodie
407 1494 505 1559 sponte
530 1489 668 1561 promittis
689 1496 717 1546 te
737 1505 798 1544 cres
814 1489 955 1556 daturum,
980 1487 1078 1546 eadem

168 1589 230 1630 cres
247 1575 390 1632 voluntate
407 1575 472 1645 dns3
497 1575 624 1645 quamvis
644 1590 759 1630 necesse
780 1573 817 1628 sit
833 1579 865 1628 tc
879 1590 940 1630 cres
960 1571 1079 1628 reddere

169 1659 336 1728 promissum
354 1662 380 1715 si
397 1664 490 1730 potes,
516 1663 565 1714 aut
583 1649 715 1728 mentiri,¹
731 1675 787 1712 non
803 1665 898 1714 umen
914 1658 1006 1713 minus
1024 1657 1081 1712 tibi

171 1741 255 1798 debet
271 1743 321 1800 iile
339 1761 391 1814 pro
409 1744 535 1815 impenso
558 1741 694 1798 beneficio
718 1742 764 1798 cui
789 1742 853 1812 das,
877 1759 962 1815 quam
980 1743 1004 1798 si
1022 1759 1080 1800 non

169 1825 349 1897 promisisses,
376 1828 507 1899 quoniam
528 1833 557 1884 te
579 1827 732 1884 debitorem
750 1834 814 1886 ante
831 1837 940 1899 tempus
960 1829 1079 1883 dationis

169 1911 212 1966 illi
228 1910 322 1968 fecere
340 1929 397 1966 non
419 1927 450 1966 es
475 1918 596 1968 coactus.
632 1913 702 1970 Tale
724 1920 779 1984 est,
806 1931 869 1970 oum
885 1913 949 1985 quis
965 1917 1112 1970 sanctact

169 1997 387 2056 conversationis
409 2005 507 2070 sponte
531 2003 615 2054 vovet
637 1999 817 2071 propositum
852 1998 985 2064 Quamvis
1002 2015 1079 2054 nnm-

170 2101 225 2160 qus
242 2099 353 2138 servare
370 2081 442 2138 illud
462 2101 495 2138 ex
515 2083 682 2158 necessitate
702 2090 766 2154 post
789 2089 885 2140 votum
906 2085 1022 2156 debeat,
1044 2101 1081 2140 ne

171 2159 316 2240 apostatae
334 2167 542 2224 damnationem
560 2170 691 2239 incurrat,
710 2174 739 2226 et
754 2170 820 2226 licet
836 2170 899 2244 cogi
916 2171 1007 2241 possit
1025 2186 1080 2225 ser-

79 2250 83 2258 ’
170 2270 236 2310 aare
259 2256 284 2311 si
308 2254 393 2325 nolit,
419 2253 443 2308 si
466 2258 560 2310 tamen
585 2270 642 2308 non
666 2255 769 2309 invitus
792 2261 886 2310 ,servet
903 2256 978 2326 quod
994 2256 1080 2325 vovit,

171 2353 228 2392 non
245 2339 335 2396 minus
351 2340 401 2395 sed
425 2339 515 2410 magis
538 2345 637 2412 gratiis
655 2345 698 2395 est
716 2340 791 2410 Deo,
818 2355 902 2412 quam
919 2341 943 2394 si
960 2355 1017 2395 non
1033 2357 1081 2394 vo-

172 2420 269 2490 vissem
292 2426 423 2500 quoniam
443 2440 500 2478 non
523 2422 613 2480 solum
630 2441 804 2479 communem
819 2423 907 2478 vitam
927 2415 1079 2480 sedetiam

172 2505 390 2584 eiusllicentiam
407 2509 461 2566 sibi
480 2514 594 2580 propter
608 2508 703 2564 Deum
726 2508 894 2579 abnegavit3
914 2525 966 2564 nec
985 2516 1081 2566 sancte

173 2596 266 2648 vivere
283 2591 415 2650 dicendus
433 2599 475 2651 est
490 2592 668 2662 necessitate,
695 2591 744 2647 sed
761 2592 860 2646 eedem
878 2609 934 2666 quc
952 2594 1030 2649 vovit
1046 2593 1079 2648 li·

172 2676 289 2734 bertate.
319 2677 412 2743 Quare
427 2678 515 2734 multo
534 2677 624 2750 magis
642 2677 666 2732 si
681 2678 760 2733 Deus
778 2677 846 2734 iacit
861 2677 965 2734 bonum
975 2679 1112 2736 hominis

173 2762 249 2834 quod
264 2751 394 2834 incepit,
421 2763 487 2821 iicet
516 2780 572 2821 non
598 2759 697 2820 deccat
722 2779 786 2818 eum
809 2779 827 2816 a
848 2761 924 2836 bono!
949 2761 1079 2834 incoepto

174 2846 309 2917 deficere,
335 2853 425 2902 totum
452 2840 561 2921 gratiae
590 2847 723 2906 debemus
752 2847 903 2919 imputare,
935 2847 1001 2918 quia
1027 2848 1079 2903 hoc

173 2939 288 3004 propter
324 2950 375 2987 nos
410 2948 466 2988 non
497 2939 610 3006 propter
646 2949 676 2988 se
708 2933 811 2990 nullius
846 2951 930 3006 egens
965 2934 1113 3004 incepitii

173 3018 237 3075 Non
275 3017 348 3072 enim
391 3017 469 3073 illum
503 3020 598 3090 latuit,
641 3015 709 3089 quid
742 3018 824 3073 homo
859 3015 984 3074 factunm
1021 3024 1082 3073 erat

173 3120 238 3158 cum
270 3103 350 3158 ilium
383 3101 464 3172 fecit,
500 3109 529 3159 et
556 3110 651 3160 tamen
680 3102 806 3159 bonitate
833 3121 885 3159 sua
912 3103 993 3158 iilum
1023 3119 1080 3158 cre-

174 3189 248 3246 ando
265 3193 364 3260 sponte
386 3205 429 3259 se,
450 3194 483 3244 ut
506 3189 651 3260 perficeret
672 3187 830 3262 incoeptum
854 3189 972 3260 bonum,
999 3189 1081 3260 quasi

174 3271 316 3348 obligavit.
381 3273 510 3346 Denique
555 3273 634 3330 Deus
680 3271 751 3328 nihil
797 3273 866 3329 fucit
905 3275 1115 3346 necessitates

174 3358 240 3430 quia
279 3359 357 3416 nullo
397 3359 480 3416 modo
521 3358 631 3432 cogitur
672 3365 722 3418 aut
767 3359 931 3432 prohibetur
974 3358 1083 3433 aliquio
