2616 3826
415 315 493 374 GUR
509 315 610 374 DEUS
627 315 746 373 HOMO.
781 316 804 372 L
825 321 865 373 18.
1046 316 1088 384 37

183 486 278 558 angeli
296 503 347 558 par
364 485 437 542 filies
452 486 540 543 Israel
559 492 588 544 et
603 487 670 542 iusti
688 485 813 542 homines
829 502 880 556 per
898 483 1012 555 angelos
1024 483 1088 539 Dei.

184 573 216 632 Si
232 572 298 629 boni
314 573 408 644 angeli
424 577 533 628 tantum
554 573 735 644 designantur
760 589 810 642 per
827 575 990 641 utrumque,
1015 569 1090 626 idem
1106 577 1139 629 47

184 664 227 715 est
246 659 321 730 quod
337 659 362 712 si
386 659 475 714 solum
496 677 546 731 per
564 659 679 731 angelos
698 656 769 726 Dei;
793 656 818 710 si
842 673 908 711 varo
926 661 986 711 tots
1001 655 1089 711 coele·

183 743 234 798 stis
251 743 358 814 divitas,
375 744 421 799 hin
440 750 607 814 misenam,
626 744 692 815 quia
707 749 766 798 taus
784 742 833 797 diu
850 747 1025 796 assumentur
1040 757 1090 813 po·

183 827 245 898 puli
271 829 289 882 i.
312 847 336 884 e.
359 829 553 886 multitudines
583 829 733 885 electorum
766 828 921 896 hominum,
951 832 1001 881 aut
1031 832 1090 881 tam

184 913 234 968 diu
256 921 337 970 erunt
362 914 459 985 populi
483 915 513 970 in
531 915 585 970 hos
602 915 735 984 saeeulo,
760 915 848 970 donee
875 912 910 967 de
932 911 1090 968 hominibus

183 999 408 1070 praedestinatus
425 1018 555 1056 numerus
580 1001 654 1056 illiue
671 998 791 1054 civitatis
810 997 934 1053 nondum
945 997 1090 1069 'perfeetum

184 1084 363 1156 compleatur.
398 1085 453 1142 Sed
475 1105 531 1142 non
553 1086 634 1142 video
657 1101 743 1153 nans,
767 1084 905 1156 quomodo
928 1083 980 1138 soli
996 1084 1090 1156 angeli
1107 1082 1140 1134 48

184 1176 234 1225 aut
251 1169 334 1224 simul
351 1169 445 1242 augeli
468 1177 497 1226 et
513 1171 637 1226 heminae
663 1170 753 1226 saneti
775 1187 825 1242 per
851 1169 923 1226 filios
941 1169 1028 1225 Israel
1047 1170 1089 1224 in·

184 1255 363 1327 tellignntur3
390 1262 500 1311 sanctos
526 1261 621 1312 autem
648 1257 773 1312 homines
797 1256 869 1312 filios
893 1255 993 1325 Israel,
1017 1254 1091 1310 sieut

183 1340 255 1396 filios
273 1341 405 1398 Abrahae
421 1343 529 1412 vocari,
545 1359 602 1399 non
619 1349 662 1398 est
680 1343 810 1398 alienum.
841 1341 896 1408 Qui
913 1341 1007 1414 angeli
1023 1356 1091 1413 que·
1106 1337 1140 1390 49

184 1443 239 1498 que
257 1427 314 1482 Dei
328 1445 378 1498 per
395 1426 448 1482 hoe
465 1432 540 1481 reete
555 1432 671 1498 possunt
687 1427 795 1498 venari,
821 1428 888 1498 quia
903 1429 988 1484 vitum
1004 1443 1091 1499 nnga-

184 1512 267 1568 lieam
292 1513 448 1582 imitantur,
473 1517 558 1584 atque
577 1512 730 1569 similitudo
745 1519 774 1568 et
799 1513 954 1584 aequalitas
977 1513 1090 1585 angelo—

185 1615 248 1652 rum
268 1597 323 1652 illis
347 1597 517 1669 promittitur
542 1597 572 1652 in
597 1597 689 1666 coele,
716 1601 745 1652 et
764 1597 832 1667 quia
850 1615 944 1653 omnes
960 1598 1033 1653 iuste
1050 1598 1091 1652 vi-

185 1689 282 1738 ventes
308 1683 401 1755 angeli
426 1681 482 1737 Dei
508 1687 581 1736 sunt.
624 1681 708 1737 Unde
735 1681 789 1751 ipsi
812 1682 1092 1752 eomessoresneque
1108 1681 1141 1732 50

185 1773 322 1838 martyres
330 1771 351 1836 ¹)
369 1766 511 1835 dicuntum
538 1765 587 1837 qui
604 1765 678 1819 enim
695 1764 841 1850 confitetur
860 1771 888 1821 et
904 1769 1025 1820 testatur
1044 1781 1091 1820 ve·

185 1853 310 1922 ritatem,
343 1850 398 1905 Dei
424 1851 538 1906 nuntius
567 1849 589 1906 iu
614 1867 643 1905 e.
673 1849 788 1921 angelus
820 1850 879 1906 eius
908 1855 958 1905 est
1003 1850 1041 1904 Et
1068 1849 1093 1904 si

186 1937 278 1992 malus
296 1936 378 1991 homo
395 1936 498 1992 dieitur
516 1937 656 2006 diabolus,
681 1935 753 1990 sieut
771 1936 806 1991 de
825 1935 898 1990 Inda
915 1935 984 1990 dicit
998 1934 1093 1991 Domi·

186 2040 239 2078 nus
246 2023 268 2091 ²)
286 2027 400 2093 propter
417 2021 627 2076 similitudinem
644 2019 780 2076 malitiae:
799 2037 849 2076 cur
867 2039 924 2077 non
942 2022 1026 2078 etium
1044 2020 1093 2076 bo·

186 2125 238 2163 nus
257 2106 339 2163 homo
358 2107 465 2163 dicetur
482 2106 599 2180 angelus
615 2113 729 2179 propter
749 2107 933 2163 imitationem
949 2105 1094 2162 iustitiae?

187 2193 280 2259 Quare
297 2209 453 2264 possumus,
470 2196 596 2264 utputo,
615 2192 720 2262 diuers,
738 2191 831 2248 Deum
847 2191 1024 2248 constituisse
1040 2199 1094 2246 ton·
1111 2199 1142 2250 51

186 2280 277 2333 minos
298 2279 471 2349 populorum
497 2279 576 2333 iusta
600 2295 743 2332 amacium
769 2278 920 2334 electorum
943 2277 1094 2346 hominum,

189 2364 255 2434 quia
276 2364 385 2418 tamdiu
405 2366 487 2419 erunt
511 2359 608 2434 populi
628 2368 657 2418 et
679 2363 731 2419 erit
756 2363 786 2417 in
808 2363 861 2418 hon
885 2362 989 2417 mundo
1005 2361 1093 2416 homi·

186 2465 254 2504 num
283 2448 452 2518 proerealio,
485 2447 574 2502 donec
604 2462 734 2502 numerus
765 2446 915 2501 eorundem
944 2446 1095 2501 electorum

187 2533 328 2588 hominum
347 2533 532 2605 compleatu13
558 2537 586 2588 et
609 2549 642 2589 eo
659 2531 796 2602 completo
815 2530 936 2588 cessabit
952 2530 1094 2588 hominum

188 2618 344 2689 generatio,
368 2635 440 2691 quae
457 2618 489 2674 fit
506 2618 536 2673 in
554 2617 608 2673 hae
624 2618 691 2673 vita
725 2615 765 2671 At
786 2617 810 2672 si
833 2633 884 2687 per
909 2617 1023 2689 angelos
1039 2616 1095 2674 Dei
1112 2617 1144 2670 52

188 2701 370 2773 intelligimus
394 2709 506 2760 sanetus
528 2703 642 2776 angelos
666 2708 774 2758 tantum
794 2708 822 2758 et
843 2718 894 2772 per
916 2701 989 2758 filios
1006 2701 1095 2759 Israel

187 2788 378 2843 tantummodo
397 2788 483 2843 iustos
501 2787 638 2856 homines,
663 2787 772 2844 duobus
790 2786 880 2842 modis
897 2786 1095 2860 intelligi‘pot·

169 2878 244 2941 est,
268 2871 335 2943 quia
358 2874 497 2928 constituit
514 2875 594 2928 Deus
613 2874 746 2928 temninos
757 2873 930 2944 populosum
947 2874 1026 2928 iada
1045 2891 1095 2928 nu·

186 2975 293 3014 manem
317 2958 479 3029 angelorum
500 2959 569 3015 Dei:
602 2963 652 3013 eut
674 2958 741 3030 quin
765 2964 860 3013 tantus
882 2958 1004 3030 populus
1027 2957 1045 3012 'n
1070 2963 1099 3012 e.'

169 3048 230 3099 ,tot
251 3043 376 3098 homines
402 3050 576 3099 assumentur
605 3048 673 3115 quot
701 3048 767 3098 sunt
792 3043 881 3099 naneti
909 3041 1002 3114 angeli
1030 3039 1095 3109 Dei,

260 3233 285 3300 1)
303 3231 355 3287 Est
372 3231 441 3288 haee
458 3231 542 3287 lentio
561 3247 632 3286 omn
650 3228 737 3286 codd
754 3245 852 3316 nomm.
981 3293 988 3314 Ι
1062 3290 1078 3310 ,,

186 3301 286 3424 mni
316 3299 373 3358 cfr.
399 3301 495 3357 Ionan
525 3307 553 3372 e,
579 3305 628 3356 τοι
665 3299 712 3370 „tt
748 3317 830 3373 υμων
859 3291 899 3359 εἷς
928 3295 1099 3364 &aalma
