2616 3826
372 318 566 380 emenus
588 287 707 377 nono.
742 320 766 376 1.
787 327 827 378 o.
846 327 888 378 20.
1041 322 1083 388 41

256 541 325 627 2⁰·
367 575 438 628 Aac.
473 573 535 629 Hoc
559 591 670 646 quoque
690 591 746 630 non
772 575 926 648 dubitabis,
953 582 985 630 ut
1007 542 1116 648 putul

178 662 247 733 quia
264 659 416 716 secundum
435 675 591 714 mensuram
612 661 721 731 peccati
744 667 853 732 oportet
869 662 1084 718 satisfactionem

82 793 87 801 .
180 763 249 802 esse.
283 747 352 800 Boe.
369 745 462 799 Aliter
481 744 656 816 aliquatenus
675 746 861 804 inordinatum
879 753 1003 804 maneret
1021 756 1118 820 pec-2

89 861 93 864 ·
178 837 287 900 catum,
318 831 393 902 qnod
421 844 559 884 essenon
581 835 686 902 potest,
716 832 740 884 si
765 832 844 888 Deus
867 833 937 887 nihil
953 834 1086 907 relinquit

176 915 365 973 inordinatum
387 915 417 969 in
438 931 524 984 regno
550 931 609 969 suo.
618 917 638 986 ¹)
675 917 801 972 Sedboc
818 923 861 973 est
881 917 1085 988 praestitutum,
1103 927 1118 978 3

179 995 246 1073 quia
272 1001 425 1072 quamlibet
449 1016 567 1070 parvum
592 1000 790 1058 inconveniens
819 1003 849 1056 in
870 1003 933 1057 Deo
959 1003 1086 1075 impossi-

179 1087 237 1143 bile
260 1093 309 1142 est
344 1087 413 1139 Aua.
447 1084 503 1139 Die
521 1101 601 1156 ergo,
620 1085 693 1158 ‘quid
713 1087 802 1142 solves
819 1087 880 1143 Dec
903 1105 954 1157 pro
968 1095 1085 1158 peccato

177 1172 247 1228 tuo?
282 1174 351 1226 Boc.
386 1169 602 1239 Poenitentiam‚
624 1187 673 1226 cor
690 1172 839 1227 contritum
855 1177 883 1227 et
901 1172 1120 1244 humiliatum‚4

179 1256 363 1312 abstinentias
387 1261 416 1310 et
443 1254 620 1310 multimodos
647 1255 756 1312 labores
781 1258 902 1326 corporis
927 1264 956 1314 et
981 1259 1085 1315 miseri·

178 1343 301 1398 cordiam
321 1340 406 1396 dandi
425 1345 453 1395 et
471 1340 628 1396 dimittendi
644 1348 674 1398 et
693 1342 887 1398 obedientiam.
923 1345 992 1400 Aac.
1011 1345 1085 1410 Quid
1104 1350 1119 1400 5

178 1428 208 1483 in
223 1428 267 1482 bis
285 1428 412 1483 omnibus
431 1426 589 1481 das'Deo?·
617 1428 685 1481 Bos.
720 1427 767 1481 An
788 1444 845 1482 non
861 1428 965 1484 honoro
984 1429 1086 1501 Deum,

179 1513 291 1584 quando
310 1518 424 1582 propter
441 1512 568 1567 timorem
590 1513 650 1567 eius
674 1516 703 1566 et
727 1529 847 1570 amorem
865 1513 895 1566 in
913 1515 1003 1570 cordis
1022 1531 1086 1570 con·

177 1598 289 1654 tuitione
309 1596 444 1651 laetitiam
466 1597 646 1667 temporalem
670 1597 785 1667 abiicio,
808 1600 838 1652 in
862 1597 1037 1653 abstinentiis
1057 1605 1087 1655 et

177 1682 320 1739 laboribus
338 1680 534 1736 delectationes
559 1685 589 1734 et
612 1680 733 1751 quietem
756 1682 838 1736 huius
856 1681 930 1736 vitae
944 1683 1036 1750 calco,
1057 1683 1087 1736 in
1128 1695 1129 1700 ’
1199 1730 1207 1737 .

179 1768 272 1822 dando
290 1771 318 1822 et
333 1765 496 1820 dimittendo
521 1780 592 1834 quae
609 1781 671 1819 mea
687 1771 754 1819 sunt
767 1765 885 1836 largior,
910 1765 939 1819 in
957 1765 1087 1821 obedien·

176 1854 218 1908 tia
244 1853 380 1922 meipsum
409 1849 451 1902 illi
476 1848 612 1903 subiicio?
651 1852 721 1904 Aac.
757 1849 828 1906 Cum
853 1850 946 1905 reddis
970 1851 1120 1923 aliquid,6

180 1939 255 2010 quod
273 1937 359 1993 debes
377 1935 438 1990 Deo
457 1933 564 1989 etiamsi
588 1951 644 1989 non
670 1935 804 2005 peccasti,
830 1951 886 1990 non
908 1936 992 1992 debes
1013 1953 1085 1992 com-

178 2029 277 2096 putare
294 2024 347 2079 hoc
364 2039 415 2093 pro
432 2019 533 2088 debito,
561 2020 636 2091 quod
654 2021 738 2077 debes
757 2039 808 2090 pro
825 2027 950 2091 peccato.
986 2022 1119 2082 Omnia'l

178 2114 272 2163 autem
291 2107 346 2162 ista
369 2107 454 2162 debes
473 2106 549 2175 Deo,
571 2121 643 2177 quae
660 2104 737 2158 dicio.
772 2104 881 2160 Tantus
900 2123 1019 2179 namque
1039 2109 1085 2164 de

179 2194 226 2250 bet
245 2211 306 2248 esse
322 2191 352 2246 in
368 2191 421 2246 hae
440 2191 549 2247 mortali
565 2191 624 2247 vita
645 2206 737 2259 amor,
763 2191 845 2244 etad
870 2193 944 2262 quod
965 2194 1087 2264 pertinet

179 2279 279 2344 oratio,
305 2277 471 2334 desiderium
490 2275 669 2348 perveniendi
686 2275 768 2329 adid
785 2276 822 2329 ad
844 2279 919 2345 quod
936 2277 1028 2334 factus
1047 2295 1085 2344 es,

180 2368 209 2418 et
227 2364 306 2419 dolor
323 2363 389 2435 quia
406 2362 529 2417 nondum
547 2360 587 2414 ibi
605 2377 643 2428 es,
663 2364 691 2414 et
708 2359 792 2413 timor
810 2377 846 2414 ne
858 2378 914 2416 non
931 2362 1086 2432 pervenias,

179 2454 212 2503 ut
229 2448 334 2502 nullam
352 2449 486 2504 laetitiam
505 2446 607 2501 sentire
625 2444 727 2500 debeas
745 2443 799 2498 nisi
817 2446 851 2500 de
867 2444 925 2512 his3
944 2460 1016 2514 quae
1032 2445 1086 2501 tibi

179 2538 230 2588 aut
247 2533 380 2587 auxilium
399 2537 448 2587 aut
465 2547 543 2600 spem
562 2529 630 2582 dant
646 2529 834 2598 perveniendi.
861 2529 924 2585 Non
944 2529 1018 2583 enim
1030 2539 1119 2590 me-tl
1141 2541 1143 2547 '

172 2617 249 2672 ,reris
266 2616 383 2687 habere,
407 2617 483 2688 quod
502 2633 557 2671 non
575 2613 727 2669 secundum
744 2613 819 2684 quod
837 2619 879 2668 est
898 2630 975 2670 amas
993 2623 1021 2672 et
1039 2617 1086 2672 de-

181 2702 294 2771 sideras,
315 2709 343 2758 et
362 2702 397 2758 de
415 2717 480 2772 quo,
504 2699 570 2771 quia
585 2699 708 2752 nondum
725 2697 812 2753 habes
836 2705 865 2754 et
884 2700 976 2756 adhuc
992 2709 1087 2758 utrum

179 2787 324 2842 habiturus
350 2787 388 2842 sis
415 2803 451 2840 an
476 2802 532 2840 non
553 2784 582 2838 in
606 2788 684 2838 tanto
706 2800 736 2838 es
760 2783 897 2855 periculo,
919 2804 976 2842 non
1000 2788 1086 2844 dulas.

179 2871 228 2926 Ad
245 2871 320 2942 quod
338 2870 423 2925 etiam
446 2873 580 2942 pertinet,
603 2869 725 2941 quictem
748 2875 777 2924 et
794 2871 990 2930 delectationes
1007 2892 1086 2929 mun·
1103 2882 1119 2932 9

181 2957 280 3026 danao,
304 2972 376 3026 quae
393 2957 514 3012 animum
529 2955 633 3011 abillo
649 2971 716 3010 vera
738 2956 829 3027 quiete
851 2963 879 3012 et
903 2959 1086 3014 delectatione

179 3048 325 3111 revocant,
353 3041 459 3113 fugere,
491 3041 546 3098 nisi
576 3047 711 3112 quantum
739 3042 776 3095 ad
807 3043 988 3099 intentionem
1018 3043 1085 3097 illuc

179 3126 359 3200 perveniendi
383 3127 528 3198 cognoscis
552 3125 687 3183 sufficere.
721 3127 871 3184 Dationem
895 3145 960 3184 vero
982 3128 1022 3182 ita
1039 3128 1086 3182 de·
1106 3130 1137 3181 10

180 3211 231 3268 bes
250 3213 426 3269 considerare
443 3217 471 3268 te
489 3211 581 3267 facere
600 3229 634 3267 ex
652 3213 753 3282 debito,
772 3212 844 3268 sieut
860 3211 1002 3283 intelligis,
1020 3213 1087 3284 quia

253 3371 277 3436 1)
296 3367 369 3424 Vide
385 3381 469 3439 supra
488 3382 511 3420 e.
534 3369 573 3434 12,
594 3369 617 3420 3.
