2616 3826
195 307 238 372 60
371 304 399 360 S.
419 299 590 361 ANSELMI
603 299 918 360 'CANTUARIENSIS

190 473 352 541 veritatem,
378 479 406 529 et
430 473 493 543 dic,
523 473 590 545 quia
606 473 688 528 valde
707 473 848 543 convenit,
873 477 907 527 nt
921 471 1100 543 quemadmo-

193 562 260 614 dum
289 559 408 613 hominis
439 566 585 629 peccatum
612 565 640 614 et
667 575 753 614 causa
779 565 891 615 nostrae
917 557 1101 612 damnationis

147 659 153 690 ³
192 645 302 700 initium
328 645 426 699 aumsit
447 660 466 698 a
489 643 606 713 femina,
632 644 672 698 ita
688 643 827 700 medicina
844 645 953 715 peccati
970 650 1000 700 et
1015 653 1101 698 causa

191 735 302 784 nonnae
319 728 479 784 salvationis
500 735 632 784 nascatur
654 731 692 786 de
713 730 833 799 femina3
857 747 891 786 ac
912 743 950 786 ne
971 731 1101 786 mulieres

192 815 339 885 desperent
365 831 396 870 sc
428 813 567 885 pertinere
592 815 630 870 ad
653 821 755 870 sortem
781 814 943 884 beatorum,
969 815 1101 887 quoniam

153 939 157 948 .
192 901 228 956 de
244 901 349 956 femina
373 907 482 956 tantum
505 900 610 954 malum
634 900 783 971 processit,
806 907 928 972 oportet,
952 907 986 955 nt
1005 902 1042 956 ad
1059 917 1100 956 re·

191 985 366 1042 formandam
389 1003 467 1057 spem
493 1001 588 1040 earum
606 987 641 1040 de
658 986 773 1042 muliere
789 992 900 1042 tantum
916 988 1021 1043 bonum
1038 1003 1101 1057 pro·

141 1075 173 1127 19
192 1072 283 1128 cedat.
318 1072 410 1143 Pinge
435 1076 464 1126 et
489 1071 551 1125 hoc.
595 1071 626 1128 Si
650 1071 730 1142 virgo
755 1080 815 1128 erat
840 1089 912 1145 quae
935 1089 1021 1128 causa
1047 1071 1104 1126 fuit

191 1157 312 1212 humano
329 1156 425 1230 generi
444 1155 529 1211 totins
548 1156 629 1226 mali,
648 1158 736 1212 multo
753 1159 842 1230 magis
862 1159 954 1228 decet,
973 1163 1006 1213 ut
1021 1156 1101 1228 virgo

192 1245 229 1298 ait
260 1261 332 1314 quae
365 1259 451 1296 causa
475 1243 529 1299 erit
553 1242 638 1298 totius
666 1243 740 1299 bont
775 1243 838 1300 Hoc
868 1261 978 1317 quoque
1006 1242 1101 1314 pinge.

148 1334 153 1374 ἶ
192 1328 222 1384 si
245 1328 358 1396 mulier,
388 1343 472 1397 qnam
494 1326 562 1383 fecit
577 1327 657 1383 Deus
674 1328 709 1384 de
728 1327 788 1382 viro
806 1328 865 1384 sine
883 1329 1002 1400 femina,
1024 1329 1101 1383 facta

192 1413 290 1468 cattle
313 1411 434 1483 virgine,
458 1411 589 1466 convenit
613 1413 710 1480 valde,
731 1419 765 1466 ut
780 1412 823 1466 vir
840 1430 963 1486 quoque,
987 1415 1036 1487 qui
1051 1413 1101 1468 fiet

122 1498 174 1548 120
193 1498 227 1553 de
249 1498 368 1566 femina,
392 1497 452 1552 sine
476 1497 537 1551 viro
563 1496 614 1552 fiat
638 1499 673 1552 de
690 1497 828 1568 Virgine(
848 1497 906 1554 Sed
928 1499 963 1554 de
983 1497 1102 1570 picturis

191 1598 264 1654 quae
283 1590 402 1655 possunt
419 1580 498 1654 pingi
516 1599 600 1652 super
616 1581 677 1652 hoc,
701 1583 768 1654 quia
784 1583 863 1639 Deus
883 1585 965 1640 homo
985 1585 1020 1640 de
1036 1583 1101 1642 Vir-

191 1667 257 1739 gine
285 1667 401 1723 muliere
432 1667 510 1722 nasci
538 1667 637 1738 debet,
668 1669 723 1724 ista
747 1687 822 1724 nuno
849 1669 994 1726 sufficiant
1029 1671 1100 1725 Bor.

170 1801 172 1806 .
191 1753 283 1810 Valde
301 1753 435 1823 pulchrae
452 1760 481 1809 et
497 1753 676 1810 rationabiles
694 1761 760 1810 sunt
776 1755 848 1812 istae
862 1756 996 1827 picturae

159 1941 172 1990 1
267 1905 309 1994 9·
360 1944 430 1997 Aac.
448 1943 530 1998 Nunc
542 1960 653 2014 quoqne
662 1943 851 2014 quaerendum
863 1950 913 2013 est,
927 1944 956 1999 in
971 1959 1028 2014 qua
1038 1959 1100 2013 per-

192 2040 261 2078 sona
284 2025 375 2095 Deus,
404 2027 453 2098 qui
479 2033 520 2082 est
549 2031 606 2082 tres
632 2044 778 2097 personae,
806 2028 946 2082 hominem
972 2031 1101 2081 assumat

190 2107 290 2163 Plures
317 2110 390 2164 enim
415 2128 551 2181 personae
575 2117 717 2183 nequeunt
744 2129 832 2166 unum
859 2113 1033 2181 eundemque
1052 2109 1100 2165 ho-

134 2212 154 2235 -·
190 2195 293 2250 minem
314 2211 454 2250 assumere
476 2195 506 2250 in
529 2196 669 2251 unitatem
694 2213 836 2267 personae.
871 2197 964 2262 Quare
988 2197 1019 2251 in
1043 2213 1102 2252 una

157 2284 309 2352 2pers0na
334 2288 446 2336 tantum
466 2281 519 2336 hoc
541 2280 602 2336 fieri
626 2298 739 2338 necesse
757 2290 807 2338 est.
843 2283 898 2340 Sed
916 2284 951 2338 de
968 2283 1022 2338 hac
1039 2282 1108 2349 uni·¹

190 2373 249 2422 tate
276 2383 411 2439 personae
434 2367 489 2422 Dei
514 2372 544 2422 et
567 2367 687 2422 hominis
715 2374 743 2423 et
769 2369 799 2422 in
824 2386 880 2442 qua
904 2385 1023 2439 persona
1045 2366 1101 2422 Doi

190 2453 243 2510 hoo
273 2454 363 2526 magis
394 2453 455 2510 fieri
483 2459 622 2524 oporteat,
657 2453 688 2508 in
709 2454 828 2525 epistola
850 2454 885 2511 de
910 2453 1100 2509 incarnatione

149 2527 151 2534 ¹
190 2539 279 2596 Verbi
305 2541 342 2594 ad
367 2538 518 2594 Dominum
543 2540 652 2609 Papam
674 2539 820 2596 Urbanum
838 2538 990 2610 directa,¹)
1013 2556 1100 2613 quan·

190 2632 251 2678 tum
269 2625 306 2678 ad
323 2631 498 2696 praesentem
515 2624 758 2697 investigationem
776 2624 903 2682 sufficere
920 2631 1004 2698 puto,
1024 2625 1099 2680 loon·

158 2712 237 2764 3tus
257 2727 326 2764 sum.
361 2713 430 2764 Boo.
469 2709 596 2765 Breviter
620 2717 714 2766 tamen
734 2710 781 2767 hic
804 2717 906 2783 tange,
934 2728 985 2766 cur
1007 2710 1102 2782 potine

191 2810 310 2866 persona
329 2795 396 2850 Filii
424 2796 525 2851 debeat
548 2795 692 2851 incarnari
703 2810 787 2869 quam
805 2797 898 2852 Patris
914 2802 965 2851 aut
980 2793 1101 2866 Spiritus

263 3021 288 3088 1)
312 3017 474 3073 inchoatam
496 3016 569 3071 hano
586 3033 612 3072 a.
632 3021 698 3074 1092
719 3017 875 3088 Epistolam
895 3035 929 3072 ac
946 3035 995 3088 per
1012 3021 1101 3072 aeota·

191 3095 249 3146 tem
271 3087 413 3160 sequentis
437 3085 502 3140 anni
528 3086 685 3141 absolutam
707 3086 734 3142 S.
753 3085 880 3143 Anselmi
898 3087 1021 3157 Operum
1043 3083 1100 3140 edi-

190 3157 260 3213 tioni
277 3158 421 3213 Maurinae
440 3154 554 3211 Parisiis
579 3161 642 3212 1721
668 3172 699 3210 re
720 3156 804 3211 etitae
826 3157 950 3212 invenies
968 3155 1101 3210 insertam

190 3227 239 3284 fol.
259 3233 290 3282 41
311 3245 353 3298 sq.
371 3245 394 3281 s.
412 3226 439 3281 h.
458 3229 495 3280 t:
525 3223 610 3278 Liber
634 3227 670 3279 de
715 3227 750 3280 de
774 3226 925 3280 Trinitatia
949 3233 975 3278 et
999 3226 1035 3278 de
1057 3223 1101 3276 ia·

191 3297 357 3418 enarratione
381 3295 466 3351 Verbi
491 3301 590 3348 contro
614 3294 802 3364 blasphemiae
820 3293 952 3350 Raeelim‘
968 3292 1025 3348 aee
1043 3293 1101 3346 Ro-

190 3382 235 3418 aoe
248 3383 297 3418 aaa
