2616 3826
234 303 257 386 e
419 307 965 376 s.ausnnmcauruanmus1s

204 559 216 612 ι
315 517 357 608 4.
409 556 480 610 eos.
515 551 616 609 unns
633 550 704 607 me
725 549 845 623 poene
861 556 891 606 e
908 549 990 622 quus
1007 547 1145 622 queem

236 638 363 711 picturae
387 638 565 710 suscipienda
589 641 668 706 sunt3
692 637 741 692 sed
765 636 869 692 sinon
894 634 932 690 sit
954 633 1063 707 aliquid
1081 633 1145 689 aoli-

238 724 305 780 dum
323 741 407 796 super
423 724 500 798 quod
518 722 647 793 sedeant,
669 737 727 778 non
745 720 876 778 videntur
891 720 1051 778 infidelibus
1067 717 1144 774 suffi-

237 825 313 880 cere,
332 827 388 866 cur
405 810 498 866 Deum
522 825 557 866 ea
582 823 655 880 quaa
676 806 794 865 dicimus
812 807 873 880 peti
891 807 1013 863 voluisse
1030 803 1145 862 eradere

203 893 397 956 edebamus.
430 897 505 954 Nam
530 894 578 966 qui
602 894 740 965 picturam
763 893 825 948 vult
841 893 948 966 facee,
973 891 1080 966 aliquid
1096 888 1146 948 eli·

237 981 281 1052 git
296 981 416 1036 solidum
432 998 516 1052 super
533 979 609 1052 quod
626 981 742 1050 pingat,
768 984 802 1034 ut
821 985 934 1035 maneat
951 979 1027 1053 quod
1045 976 1146 1050 pingit

236 1066 326 1123 Nemo
347 1067 421 1123 enim
444 1065 537 1139 pingit
560 1065 590 1120 in
615 1080 689 1136 aque
713 1064 759 1122 vel
780 1065 810 1120 in
826 1067 903 1136 aire,
927 1065 994 1138 qnia
1011 1064 1052 1121 ssoi
1066 1062 1146 1122 nulla

203 1153 219 1206 t
237 1157 352 1208 manent
375 1154 502 1226 picturae
526 1150 653 1223 vestigia.
688 1150 866 1222 Quapropter
886 1167 950 1206 cum
976 1150 1029 1206 has
1047 1166 1145 1208 conve·

236 1236 357 1293 nientiae
379 1254 450 1311 quas
477 1238 548 1293 dicia
570 1235 731 1294 infidelibus
756 1235 837 1308 quasi
859 1236 995 1307 quasdam
1022 1236 1146 1308 picturas

237 1322 278 1378 rei
304 1328 401 1394 gestae
431 1321 621 1392 obtendimus,
647 1321 778 1394 quonium
803 1337 862 1378 uon
882 1339 941 1378 rem
967 1326 1080 1393 gestam
1096 1320 1147 1378 sed

237 1406 402 1478 figmentum
419 1409 590 1465 arbitrantur
607 1424 683 1478 esse,
710 1406 785 1479 quod
809 1405 947 1464 credimus
965 1407 1045 1479 quasi
1062 1423 1148 1479 super

204 1493 343 1549 inubem
369 1493 487 1566 pingere
513 1512 564 1552 noe
589 1494 757 1554 existiment.
803 1491 987 1569 Monstrande
1013 1499 1055 1549 eet
1080 1507 1147 1566 ergo

238 1578 317 1649 prius
354 1579 480 1636 veritatis
514 1578 689 1638 rationabilis
724 1579 851 1635 soliditas
883 1579 903 1634 i.
934 1595 958 1635 e.
986 1578 1147 1648 necessitas,

209 1667 211 1672 '
239 1679 311 1736 quea
337 1665 438 1736 probet
461 1665 555 1724 Deum
580 1665 618 1721 ad
642 1681 677 1722 ea
702 1680 774 1738 quae
801 1662 994 1735 praedicamus
1017 1663 1148 1720 debuisse

206 1755 289 1809 taut
312 1751 436 1822 potuisse
456 1750 605 1812 humiliari.
639 1751 749 1808 Deinde
772 1755 805 1808 ut
829 1749 921 1821 ipsum
944 1749 1025 1822 qussi
1045 1765 1147 1820 corpus

239 1834 365 1892 raritatis
388 1836 454 1908 plus
478 1839 580 1908 niteat,
604 1836 675 1908 istae
697 1835 906 1894 convenientiae
924 1835 1005 1909 qnasi
1021 1835 1148 1908 picturae

205 1921 362 1992 temporis
394 1929 460 1978 sunt
489 1923 678 1994 exponendae.
724 1923 794 1978 Aac.
833 1922 934 1979 Nonne
960 1920 1028 1976 eatis
1053 1937 1148 1978 neces·

238 2007 314 2062 saria
336 2007 408 2062 ratio
431 2007 557 2077 videtur,
578 2023 629 2062 our
653 2007 732 2062 Deus
757 2023 792 2062 ea
816 2023 889 2078 quae
914 2005 1033 2062 dicimus
1055 2007 1148 2064 facere

239 2090 381 2146 debuerit:
408 2090 475 2162 qnia
493 2107 582 2164 genus
598 2089 765 2162 humanum,
790 2097 849 2146 tam
871 2089 979 2146 scilicet
995 2093 1147 2163 pretiosum

239 2191 311 2246 opus
330 2175 407 2243 dua,
431 2176 542 2232 omnino
565 2175 686 2248 perierat
703 2193 757 2234 nee
774 2176 907 2246 decebat,
928 2181 961 2231 ut
977 2176 1053 2248 quod
1069 2177 1148 2234 Deus

240 2260 276 2316 de
294 2260 405 2317 homine
422 2267 612 2333 proposuerat,
631 2260 742 2332 penitus
761 2259 979 2332 annihilaretur3
1002 2277 1056 2318 nec
1072 2261 1148 2319 idem

239 2344 499 2418 eiusrpropositum
521 2346 560 2402 ud
585 2347 716 2403 effectum
739 2347 805 2403 duci
827 2351 953 2417 poterat,
969 2347 1034 2402 ‘nisi
1058 2363 1148 2420 genus

238 2430 390 2488 humanum
405 2431 444 2488 ab
460 2432 522 2505 ipso
540 2438 665 2490 creatore
681 2450 732 2489 sno
747 2431 933 2488 liberaretur?

207 2585 220 2637 1
259 2609 260 2614 1
317 2551 372 2650 50.
388 2645 389 2652 χ
408 2589 478 2650 Boe.
512 2586 592 2644 Haec
614 2587 677 2658 ipsa
695 2585 826 2642 liberatio
853 2583 945 2656 siper
961 2582 1047 2642 aliam
1064 2603 1149 2659 quam

239 2686 292 2742 per
310 2670 366 2726 Dei
384 2689 533 2744 personam
549 2673 620 2740 (sire
636 2691 687 2746 per
707 2671 840 2745 angelum
857 2669 916 2726 sive
933 2687 984 2742 per
996 2670 1148 2741 hominem)

241 2770 302 2812 case
326 2753 404 2810 iacta
427 2757 553 2827 quolibet
575 2758 658 2816 modo
682 2757 834 2827 diceretur,
859 2773 937 2812 mens
956 2755 1079 2812 hnmana
1094 2755 1150 2813 hoo

206 2835 223 2892 2
241 2837 331 2896 multo
350 2838 524 2896 tolerabilius
543 2841 690 2914 acciperet,
720 2841 817 2898 Potuit
835 2841 909 2898 enim
919 2841 998 2900 Deus
1009 2841 1148 2898 hominem

241 2921 364 2996 aliquem
388 2923 481 2986 faeere
505 2924 565 2980 sine
587 2933 717 2998 peccato,
740 2942 798 2984 non
821 2927 858 2983 de
878 2944 972 2986 measa
992 2927 1148 3000 peccatrice

240 3025 293 3065 uec
311 3008 347 3065 da
364 3007 459 3081 aliquo
476 3009 600 3080 homine,
621 3011 671 3068 sad
690 3011 763 3068 sicut
778 3010 847 3068 iecit
863 3013 975 3088 Adam,
997 3028 1149 3085 perquem
1259 3001 1263 3006 ’

206 3093 292 3150 thoe
313 3095 406 3166 ipsum
429 3112 499 3166 opus
521 3094 582 3152 fieri
600 3097 724 3168 potuisse
741 3098 858 3156 ridetur.
893 3100 963 3160 Aac.
987 3097 1091 3155 Annon
1107 3097 1149 3156 in·

239 3179 445 3264 telligis,¹quia,
462 3197 644 3256 quaecunque
660 3180 718 3237 alia
734 3199 854 3256 persona
870 3181 1008 3240 hominem
1025 3201 1043 3240 u
1060 3187 1150 3242 morte

239 3272 356 3337 mutua
376 3265 536 3338 redimerat,
560 3265 621 3328 cius
646 3284 741 3324 servus
757 3267 832 3340 idem
850 3269 933 3326 homo
949 3273 1026 3326 recta
1042 3268 1149 3328 iudica·

205 3350 336 3408 luetur?
376 3350 459 3418 Quod
487 3350 512 3406 si
538 3356 624 3422 esset,
646 3353 807 3410 nullatenus
829 3352 1150 3412 resumatuseueetm
