<?xml version="1.0" encoding="UTF-8"?>
<!DOCTYPE html PUBLIC "-//W3C//DTD XHTML 1.0 Transitional//EN"
    "http://www.w3.org/TR/xhtml1/DTD/xhtml1-transitional.dtd">
<html xmlns="http://www.w3.org/1999/xhtml" xml:lang="en" lang="en">
 <head>
  <title>
</title>
<meta http-equiv="Content-Type" content="text/html;charset=utf-8" />
  <meta name='ocr-system' content='tesseract 3.04.00' />
  <meta name='ocr-capabilities' content='ocr_page ocr_carea ocr_par ocr_line ocrx_word'/>
</head>
<body>
  <div class='ocr_page' id='page_1' title='image "./sanselmicantuar04laemgoog_0020.png"; bbox 0 0 2616 3826; ppageno 0'>
   <div class='ocr_carea' id='block_1_1' title="bbox 289 1034 1078 1202">
    <p class='ocr_par' dir='ltr' id='par_1_1' title="bbox 289 1034 1078 1202">
     <span class='ocr_line' id='line_1_1' title="bbox 289 1034 1078 1202; baseline -0.004 -2"><span class='ocrx_word' id='word_1_1' title='bbox 289 1034 648 1202; x_wconf 80' lang='lat' dir='ltr'>rnrnmrru</span> <span class='ocrx_word' id='word_1_2' title='bbox 694 1101 736 1198; x_wconf 90' lang='lat' dir='ltr'>s.</span> <span class='ocrx_word' id='word_1_3' title='bbox 785 1101 1078 1198; x_wconf 83' lang='lat' dir='ltr'>rusnnur.</span> 
     </span>
    </p>
   </div>
   <div class='ocr_carea' id='block_1_2' title="bbox 601 1384 767 1393">
    <p class='ocr_par' dir='ltr' id='par_1_2' title="bbox 601 1384 767 1393">
     <span class='ocr_line' id='line_1_2' title="bbox 601 1384 767 1393; baseline -0.006 -2"><span class='ocrx_word' id='word_1_4' title='bbox 601 1384 767 1393; x_wconf 44' lang='grc' dir='ltr'>*η*</span> 
     </span>
    </p>
   </div>
   <div class='ocr_carea' id='block_1_3' title="bbox 206 1517 1164 1629">
    <p class='ocr_par' dir='ltr' id='par_1_3' title="bbox 206 1517 1164 1629">
     <span class='ocr_line' id='line_1_3' title="bbox 206 1517 1164 1629; baseline 0.001 -24"><span class='ocrx_word' id='word_1_5' title='bbox 206 1521 305 1629; x_wconf 88' lang='lat' dir='ltr'>Opus</span> <span class='ocrx_word' id='word_1_6' title='bbox 335 1539 497 1609; x_wconf 86' lang='lat' dir='ltr'>subditum</span> <span class='ocrx_word' id='word_1_7' title='bbox 528 1547 659 1626; x_wconf 85' lang='lat' dir='ltr'>propter</span> <span class='ocrx_word' id='word_1_8' title='bbox 690 1538 861 1624; x_wconf 88' lang='lat' dir='ltr'>quosdam,</span> <span class='ocrx_word' id='word_1_9' title='bbox 902 1539 957 1624; x_wconf 89' lang='lat' dir='ltr'>qui</span> <span class='ocrx_word' id='word_1_10' title='bbox 991 1517 1164 1624; x_wconf 81' lang='lat' dir='ltr'>antequam</span> 
     </span>
    </p>
   </div>
   <div class='ocr_carea' id='block_1_4' title="bbox 204 1633 1166 1890">
    <p class='ocr_par' dir='ltr' id='par_1_4' title="bbox 204 1633 1166 1890">
     <span class='ocr_line' id='line_1_4' title="bbox 204 1633 1164 1722; baseline -0.002 -20"><span class='ocrx_word' id='word_1_11' title='bbox 204 1636 381 1722; x_wconf 80' lang='lat' dir='ltr'>perfeetum</span> <span class='ocrx_word' id='word_1_12' title='bbox 409 1643 441 1701; x_wconf 90' lang='lat' dir='ltr'>et</span> <span class='ocrx_word' id='word_1_13' title='bbox 472 1634 665 1718; x_wconf 83' lang='lat' dir='ltr'>exquisitum</span> <span class='ocrx_word' id='word_1_14' title='bbox 693 1641 795 1719; x_wconf 85' lang='lat' dir='ltr'>esset,</span> <span class='ocrx_word' id='word_1_15' title='bbox 822 1633 943 1718; x_wconf 86' lang='lat' dir='ltr'>primas</span> <span class='ocrx_word' id='word_1_16' title='bbox 962 1640 1073 1718; x_wconf 88' lang='lat' dir='ltr'>partes</span> <span class='ocrx_word' id='word_1_17' title='bbox 1095 1633 1164 1700; x_wconf 91' lang='lat' dir='ltr'>eius</span> 
     </span>
     <span class='ocr_line' id='line_1_5' title="bbox 204 1716 1165 1802; baseline -0.004 -15"><span class='ocrx_word' id='word_1_18' title='bbox 204 1741 256 1787; x_wconf 88' lang='lat' dir='ltr'>me</span> <span class='ocrx_word' id='word_1_19' title='bbox 278 1719 440 1786; x_wconf 75' lang='lat' dir='ltr'>nesciente</span> <span class='ocrx_word' id='word_1_20' title='bbox 461 1719 526 1786; x_wconf 86' lang='lat' dir='ltr'>sibi</span> <span class='ocrx_word' id='word_1_21' title='bbox 546 1719 828 1802; x_wconf 81' lang='lat' dir='ltr'>transscribebant,</span> <span class='ocrx_word' id='word_1_22' title='bbox 849 1716 1052 1784; x_wconf 80' lang='lat' dir='ltr'>festinantius</span> <span class='ocrx_word' id='word_1_23' title='bbox 1068 1738 1165 1800; x_wconf 90' lang='lat' dir='ltr'>qnam</span> 
     </span>
     <span class='ocr_line' id='line_1_6' title="bbox 205 1801 1166 1890; baseline -0.003 -19"><span class='ocrx_word' id='word_1_24' title='bbox 205 1805 282 1871; x_wconf 89' lang='lat' dir='ltr'>mihi</span> <span class='ocrx_word' id='word_1_25' title='bbox 305 1811 517 1890; x_wconf 87' lang='lat' dir='ltr'>opportunum</span> <span class='ocrx_word' id='word_1_26' title='bbox 528 1811 633 1888; x_wconf 80' lang='lat' dir='ltr'>esset,</span> <span class='ocrx_word' id='word_1_27' title='bbox 651 1803 777 1870; x_wconf 78' lang='lat' dir='ltr'>enideo</span> <span class='ocrx_word' id='word_1_28' title='bbox 793 1801 922 1868; x_wconf 88' lang='lat' dir='ltr'>brevius</span> <span class='ocrx_word' id='word_1_29' title='bbox 937 1822 1033 1887; x_wconf 90' lang='lat' dir='ltr'>quam</span> <span class='ocrx_word' id='word_1_30' title='bbox 1047 1802 1166 1869; x_wconf 88' lang='lat' dir='ltr'>vellem</span> 
     </span>
    </p>
   </div>
   <div class='ocr_carea' id='block_1_5' title="bbox 206 1888 1298 1974">
    <p class='ocr_par' dir='ltr' id='par_1_5' title="bbox 206 1888 1298 1974">
     <span class='ocr_line' id='line_1_7' title="bbox 206 1888 1298 1974; baseline -0.003 -18"><span class='ocrx_word' id='word_1_31' title='bbox 206 1896 449 1974; x_wconf 71' lang='lat' dir='ltr'>summamus,</span> <span class='ocrx_word' id='word_1_32' title='bbox 481 1895 516 1954; x_wconf 91' lang='lat' dir='ltr'>ut</span> <span class='ocrx_word' id='word_1_33' title='bbox 543 1890 649 1974; x_wconf 88' lang='lat' dir='ltr'>potui,</span> <span class='ocrx_word' id='word_1_34' title='bbox 683 1907 912 1955; x_wconf 76' lang='lat' dir='ltr'>consummare.</span> <span class='ocrx_word' id='word_1_35' title='bbox 961 1889 1046 1953; x_wconf 88' lang='lat' dir='ltr'>Nam</span> <span class='ocrx_word' id='word_1_36' title='bbox 1070 1888 1166 1972; x_wconf 89' lang='lat' dir='ltr'>plura</span> <span class='ocrx_word' id='word_1_37' title='bbox 1290 1927 1298 1934; x_wconf 28' lang='grc' dir='ltr'>κ</span> 
     </span>
    </p>
   </div>
   <div class='ocr_carea' id='block_1_6' title="bbox 204 1971 1171 3077">
    <p class='ocr_par' dir='ltr' id='par_1_6' title="bbox 204 1971 1171 3077">
     <span class='ocr_line' id='line_1_8' title="bbox 206 1971 1165 2060; baseline 0 -20"><span class='ocrx_word' id='word_1_38' title='bbox 206 1995 289 2059; x_wconf 87' lang='lat' dir='ltr'>quae</span> <span class='ocrx_word' id='word_1_39' title='bbox 310 1973 412 2060; x_wconf 79' lang='lat' dir='ltr'>tacui,</span> <span class='ocrx_word' id='word_1_40' title='bbox 437 1975 644 2040; x_wconf 88' lang='lat' dir='ltr'>inseruissem</span> <span class='ocrx_word' id='word_1_41' title='bbox 666 1981 698 2040; x_wconf 90' lang='lat' dir='ltr'>et</span> <span class='ocrx_word' id='word_1_42' title='bbox 720 1973 932 2056; x_wconf 87' lang='lat' dir='ltr'>addidissem,</span> <span class='ocrx_word' id='word_1_43' title='bbox 954 1971 981 2038; x_wconf 91' lang='lat' dir='ltr'>si</span> <span class='ocrx_word' id='word_1_44' title='bbox 1003 1971 1036 2037; x_wconf 93' lang='lat' dir='ltr'>in</span> <span class='ocrx_word' id='word_1_45' title='bbox 1058 1973 1165 2056; x_wconf 89' lang='lat' dir='ltr'>quiete</span> 
     </span>
     <span class='ocr_line' id='line_1_9' title="bbox 206 2057 1165 2145; baseline -0.003 -19"><span class='ocrx_word' id='word_1_46' title='bbox 206 2066 238 2126; x_wconf 88' lang='lat' dir='ltr'>et</span> <span class='ocrx_word' id='word_1_47' title='bbox 269 2079 409 2144; x_wconf 80' lang='lat' dir='ltr'>congruo</span> <span class='ocrx_word' id='word_1_48' title='bbox 442 2060 548 2145; x_wconf 86' lang='lat' dir='ltr'>spatio</span> <span class='ocrx_word' id='word_1_49' title='bbox 580 2058 660 2125; x_wconf 91' lang='lat' dir='ltr'>illud</span> <span class='ocrx_word' id='word_1_50' title='bbox 692 2059 770 2125; x_wconf 90' lang='lat' dir='ltr'>mihi</span> <span class='ocrx_word' id='word_1_51' title='bbox 802 2057 898 2126; x_wconf 87' lang='lat' dir='ltr'>edere</span> <span class='ocrx_word' id='word_1_52' title='bbox 926 2057 1078 2126; x_wconf 86' lang='lat' dir='ltr'>lieuisset.</span> <span class='ocrx_word' id='word_1_53' title='bbox 1125 2059 1165 2123; x_wconf 90' lang='lat' dir='ltr'>Iu</span> 
     </span>
     <span class='ocr_line' id='line_1_10' title="bbox 205 2143 1165 2230; baseline -0.002 -20"><span class='ocrx_word' id='word_1_54' title='bbox 205 2166 324 2230; x_wconf 85' lang='lat' dir='ltr'>magna</span> <span class='ocrx_word' id='word_1_55' title='bbox 345 2143 431 2210; x_wconf 86' lang='lat' dir='ltr'>enirn</span> <span class='ocrx_word' id='word_1_56' title='bbox 452 2145 557 2212; x_wconf 77' lang='lat' dir='ltr'>sordis</span> <span class='ocrx_word' id='word_1_57' title='bbox 585 2144 805 2230; x_wconf 80' lang='lat' dir='ltr'>tribulatione,</span> <span class='ocrx_word' id='word_1_58' title='bbox 831 2163 928 2227; x_wconf 86' lang='lat' dir='ltr'>quam</span> <span class='ocrx_word' id='word_1_59' title='bbox 949 2144 1034 2210; x_wconf 89' lang='lat' dir='ltr'>unde</span> <span class='ocrx_word' id='word_1_60' title='bbox 1056 2149 1088 2209; x_wconf 89' lang='lat' dir='ltr'>et</span> <span class='ocrx_word' id='word_1_61' title='bbox 1109 2163 1165 2209; x_wconf 86' lang='lat' dir='ltr'>eur</span> 
     </span>
     <span class='ocr_line' id='line_1_11' title="bbox 204 2228 1165 2330; baseline -0.001 -34"><span class='ocrx_word' id='word_1_62' title='bbox 204 2251 321 2330; x_wconf 86' lang='lat' dir='ltr'>passus</span> <span class='ocrx_word' id='word_1_63' title='bbox 352 2229 414 2296; x_wconf 86' lang='lat' dir='ltr'>sim</span> <span class='ocrx_word' id='word_1_64' title='bbox 446 2231 536 2296; x_wconf 87' lang='lat' dir='ltr'>novit</span> <span class='ocrx_word' id='word_1_65' title='bbox 564 2231 671 2314; x_wconf 86' lang='lat' dir='ltr'>Deus,</span> <span class='ocrx_word' id='word_1_66' title='bbox 705 2230 785 2296; x_wconf 92' lang='lat' dir='ltr'>illud</span> <span class='ocrx_word' id='word_1_67' title='bbox 817 2229 851 2294; x_wconf 91' lang='lat' dir='ltr'>in</span> <span class='ocrx_word' id='word_1_68' title='bbox 883 2228 1002 2312; x_wconf 83' lang='lat' dir='ltr'>Anglia</span> <span class='ocrx_word' id='word_1_69' title='bbox 1033 2235 1165 2313; x_wconf 83' lang='lat' dir='ltr'>rogatus</span> 
     </span>
     <span class='ocr_line' id='line_1_12' title="bbox 204 2313 1171 2400; baseline -0.004 -19"><span class='ocrx_word' id='word_1_70' title='bbox 204 2336 275 2381; x_wconf 81' lang='lat' dir='ltr'>rnue</span> <span class='ocrx_word' id='word_1_71' title='bbox 300 2316 312 2380; x_wconf 94' lang='lat' dir='ltr'>i</span> <span class='ocrx_word' id='word_1_72' title='bbox 337 2322 370 2380; x_wconf 88' lang='lat' dir='ltr'>et</span> <span class='ocrx_word' id='word_1_73' title='bbox 397 2315 431 2380; x_wconf 90' lang='lat' dir='ltr'>in</span> <span class='ocrx_word' id='word_1_74' title='bbox 454 2315 611 2400; x_wconf 79' lang='lat' dir='ltr'>Capuana</span> <span class='ocrx_word' id='word_1_75' title='bbox 639 2315 807 2400; x_wconf 79' lang='lat' dir='ltr'>prouincia</span> <span class='ocrx_word' id='word_1_76' title='bbox 824 2313 1015 2399; x_wconf 85' lang='lat' dir='ltr'>peregrinus</span> <span class='ocrx_word' id='word_1_77' title='bbox 1035 2313 1171 2398; x_wconf 57' lang='lat' dir='ltr'>perfeeig</span> 
     </span>
     <span class='ocr_line' id='line_1_13' title="bbox 206 2337 1166 2497; baseline -0.002 -33"><span class='ocrx_word' id='word_1_78' title='bbox 206 2337 300 2477; x_wconf 51' lang='lat' dir='ltr'>Quoi</span> <span class='ocrx_word' id='word_1_79' title='bbox 321 2398 497 2466; x_wconf 85' lang='lat' dir='ltr'>seeundum</span> <span class='ocrx_word' id='word_1_80' title='bbox 517 2400 685 2466; x_wconf 86' lang='lat' dir='ltr'>materiam</span> <span class='ocrx_word' id='word_1_81' title='bbox 709 2400 750 2466; x_wconf 84' lang='lat' dir='ltr'>de</span> <span class='ocrx_word' id='word_1_82' title='bbox 771 2420 835 2485; x_wconf 88' lang='lat' dir='ltr'>qua</span> <span class='ocrx_word' id='word_1_83' title='bbox 856 2398 978 2464; x_wconf 86' lang='lat' dir='ltr'>editum</span> <span class='ocrx_word' id='word_1_84' title='bbox 998 2404 1056 2497; x_wconf 62' lang='lat' dir='ltr'>est3</span> <span class='ocrx_word' id='word_1_85' title='bbox 1079 2399 1166 2464; x_wconf 83' lang='lat' dir='ltr'>OUR</span> 
     </span>
     <span class='ocr_line' id='line_1_14' title="bbox 205 2481 1165 2552; baseline -0.002 -4"><span class='ocrx_word' id='word_1_86' title='bbox 205 2481 320 2550; x_wconf 80' lang='lat' dir='ltr'>DEUS</span> <span class='ocrx_word' id='word_1_87' title='bbox 341 2484 465 2552; x_wconf 90' lang='lat' dir='ltr'>HOMO</span> <span class='ocrx_word' id='word_1_88' title='bbox 487 2484 650 2552; x_wconf 85' lang='lat' dir='ltr'>nominavi</span> <span class='ocrx_word' id='word_1_89' title='bbox 672 2486 758 2551; x_wconf 90' lang='lat' dir='ltr'>etin</span> <span class='ocrx_word' id='word_1_90' title='bbox 783 2484 863 2551; x_wconf 85' lang='lat' dir='ltr'>duos</span> <span class='ocrx_word' id='word_1_91' title='bbox 882 2483 1008 2549; x_wconf 89' lang='lat' dir='ltr'>libellos</span> <span class='ocrx_word' id='word_1_92' title='bbox 1023 2482 1165 2549; x_wconf 80' lang='lat' dir='ltr'>dlstinxi.</span> 
     </span>
     <span class='ocr_line' id='line_1_15' title="bbox 206 2565 1165 2654; baseline 0.002 -22"><span class='ocrx_word' id='word_1_93' title='bbox 206 2565 348 2644; x_wconf 83' lang='lat' dir='ltr'>Quorum</span> <span class='ocrx_word' id='word_1_94' title='bbox 374 2569 462 2654; x_wconf 87' lang='lat' dir='ltr'>prior</span> <span class='ocrx_word' id='word_1_95' title='bbox 492 2570 621 2653; x_wconf 88' lang='lat' dir='ltr'>quidem</span> <span class='ocrx_word' id='word_1_96' title='bbox 650 2568 826 2635; x_wconf 89' lang='lat' dir='ltr'>infidelium</span> <span class='ocrx_word' id='word_1_97' title='bbox 845 2567 1064 2652; x_wconf 87' lang='lat' dir='ltr'>respuentium</span> <span class='ocrx_word' id='word_1_98' title='bbox 1084 2568 1165 2634; x_wconf 89' lang='lat' dir='ltr'>ehri-</span> 
     </span>
     <span class='ocr_line' id='line_1_16' title="bbox 206 2652 1165 2740; baseline 0 -22"><span class='ocrx_word' id='word_1_99' title='bbox 206 2652 345 2718; x_wconf 86' lang='lat' dir='ltr'>stianam</span> <span class='ocrx_word' id='word_1_100' title='bbox 361 2653 472 2740; x_wconf 82' lang='lat' dir='ltr'>fidem,</span> <span class='ocrx_word' id='word_1_101' title='bbox 495 2653 571 2738; x_wconf 88' lang='lat' dir='ltr'>quia</span> <span class='ocrx_word' id='word_1_102' title='bbox 592 2654 709 2721; x_wconf 88' lang='lat' dir='ltr'>rationi</span> <span class='ocrx_word' id='word_1_103' title='bbox 728 2661 843 2740; x_wconf 88' lang='lat' dir='ltr'>putant</span> <span class='ocrx_word' id='word_1_104' title='bbox 864 2652 953 2718; x_wconf 88' lang='lat' dir='ltr'>illam</span> <span class='ocrx_word' id='word_1_105' title='bbox 974 2673 1165 2738; x_wconf 81' lang='lat' dir='ltr'>repugnare,</span> 
     </span>
     <span class='ocr_line' id='line_1_17' title="bbox 206 2735 1166 2824; baseline 0 -20"><span class='ocrx_word' id='word_1_106' title='bbox 206 2735 347 2804; x_wconf 84' lang='lat' dir='ltr'>eontinet</span> <span class='ocrx_word' id='word_1_107' title='bbox 382 2740 577 2806; x_wconf 84' lang='lat' dir='ltr'>obiectioues</span> <span class='ocrx_word' id='word_1_108' title='bbox 613 2747 645 2806; x_wconf 90' lang='lat' dir='ltr'>et</span> <span class='ocrx_word' id='word_1_109' title='bbox 680 2738 824 2806; x_wconf 88' lang='lat' dir='ltr'>fidelium</span> <span class='ocrx_word' id='word_1_110' title='bbox 855 2740 1096 2824; x_wconf 61' lang='lat' dir='ltr'>responsionem</span> <span class='ocrx_word' id='word_1_111' title='bbox 1127 2758 1166 2804; x_wconf 86' lang='lat' dir='ltr'>ae</span> 
     </span>
     <span class='ocr_line' id='line_1_18' title="bbox 205 2821 1166 2909; baseline 0.002 -23"><span class='ocrx_word' id='word_1_112' title='bbox 205 2821 337 2887; x_wconf 88' lang='lat' dir='ltr'>tandem</span> <span class='ocrx_word' id='word_1_113' title='bbox 358 2832 477 2891; x_wconf 87' lang='lat' dir='ltr'>remoto</span> <span class='ocrx_word' id='word_1_114' title='bbox 504 2824 631 2891; x_wconf 84' lang='lat' dir='ltr'>Ohristo</span> <span class='ocrx_word' id='word_1_115' title='bbox 656 2863 700 2872; x_wconf 89' lang='lat'><em>-</em></span> <span class='ocrx_word' id='word_1_116' title='bbox 727 2824 821 2909; x_wconf 86' lang='lat' dir='ltr'>quasi</span> <span class='ocrx_word' id='word_1_117' title='bbox 849 2844 1021 2909; x_wconf 82' lang='lat' dir='ltr'>numquam</span> <span class='ocrx_word' id='word_1_118' title='bbox 1043 2823 1166 2908; x_wconf 88' lang='lat' dir='ltr'>aliquid</span> 
     </span>
     <span class='ocr_line' id='line_1_19' title="bbox 204 2905 1164 2995; baseline 0.002 -23"><span class='ocrx_word' id='word_1_119' title='bbox 204 2905 301 2973; x_wconf 74' lang='lat' dir='ltr'>iuuerit</span> <span class='ocrx_word' id='word_1_120' title='bbox 322 2905 363 2973; x_wconf 90' lang='lat' dir='ltr'>de</span> <span class='ocrx_word' id='word_1_121' title='bbox 384 2907 439 2975; x_wconf 89' lang='lat' dir='ltr'>illo</span> <span class='ocrx_word' id='word_1_122' title='bbox 462 2947 502 2955; x_wconf 86' lang='lat'>-</span> <span class='ocrx_word' id='word_1_123' title='bbox 523 2910 640 2995; x_wconf 86' lang='lat' dir='ltr'>probat</span> <span class='ocrx_word' id='word_1_124' title='bbox 661 2909 837 2976; x_wconf 88' lang='lat' dir='ltr'>rationibus</span> <span class='ocrx_word' id='word_1_125' title='bbox 859 2909 1065 2994; x_wconf 80' lang='lat' dir='ltr'>necessariis,</span> <span class='ocrx_word' id='word_1_126' title='bbox 1092 2928 1164 2974; x_wconf 87' lang='lat' dir='ltr'>esse</span> 
     </span>
     <span class='ocr_line' id='line_1_20' title="bbox 205 2991 1164 3077; baseline 0.001 -21"><span class='ocrx_word' id='word_1_127' title='bbox 205 2991 404 3077; x_wconf 87' lang='lat' dir='ltr'>impossibile</span> <span class='ocrx_word' id='word_1_128' title='bbox 431 2995 531 3060; x_wconf 91' lang='lat' dir='ltr'>ullum</span> <span class='ocrx_word' id='word_1_129' title='bbox 563 2995 724 3061; x_wconf 88' lang='lat' dir='ltr'>hominem</span> <span class='ocrx_word' id='word_1_130' title='bbox 759 2994 879 3062; x_wconf 83' lang='lat' dir='ltr'>salvari</span> <span class='ocrx_word' id='word_1_131' title='bbox 908 2994 979 3062; x_wconf 86' lang='lat' dir='ltr'>siue</span> <span class='ocrx_word' id='word_1_132' title='bbox 1006 2993 1071 3059; x_wconf 88' lang='lat' dir='ltr'>illo.</span> <span class='ocrx_word' id='word_1_133' title='bbox 1124 2994 1164 3058; x_wconf 95' lang='lat' dir='ltr'>In</span> 
     </span>
    </p>
   </div>
   <div class='ocr_carea' id='block_1_7' title="bbox 1 3075 1165 3166">
    <p class='ocr_par' dir='ltr' id='par_1_7' title="bbox 1 3075 1165 3166">
     <span class='ocr_line' id='line_1_21' title="bbox 1 3075 1165 3166; baseline 0 -22"><span class='ocrx_word' id='word_1_134' title='bbox 1 3097 2 3104; x_wconf 53' lang='lat'>¹</span> <span class='ocrx_word' id='word_1_135' title='bbox 113 3075 120 3092; x_wconf 66' lang='grc'><strong>“</strong></span> <span class='ocrx_word' id='word_1_136' title='bbox 205 3076 347 3144; x_wconf 83' lang='lat' dir='ltr'>seeundo</span> <span class='ocrx_word' id='word_1_137' title='bbox 376 3084 483 3144; x_wconf 86' lang='lat' dir='ltr'>autem</span> <span class='ocrx_word' id='word_1_138' title='bbox 512 3080 592 3146; x_wconf 88' lang='lat' dir='ltr'>libro</span> <span class='ocrx_word' id='word_1_139' title='bbox 621 3079 783 3166; x_wconf 86' lang='lat' dir='ltr'>similiter,</span> <span class='ocrx_word' id='word_1_140' title='bbox 817 3079 910 3163; x_wconf 86' lang='lat' dir='ltr'>quasi</span> <span class='ocrx_word' id='word_1_141' title='bbox 940 3078 1019 3145; x_wconf 92' lang='lat' dir='ltr'>nihil</span> <span class='ocrx_word' id='word_1_142' title='bbox 1045 3077 1165 3144; x_wconf 80' lang='lat' dir='ltr'>sciatur</span> 
     </span>
    </p>
   </div>
   <div class='ocr_carea' id='block_1_8' title="bbox 191 3161 1165 3420">
    <p class='ocr_par' dir='ltr' id='par_1_8' title="bbox 191 3161 1165 3420">
     <span class='ocr_line' id='line_1_22' title="bbox 191 3161 1164 3251; baseline 0.001 -24"><span class='ocrx_word' id='word_1_143' title='bbox 191 3161 247 3228; x_wconf 86' lang='lat' dir='ltr'>¹de</span> <span class='ocrx_word' id='word_1_144' title='bbox 274 3161 416 3248; x_wconf 73' lang='lat' dir='ltr'>(ihfisto,</span> <span class='ocrx_word' id='word_1_145' title='bbox 450 3170 645 3232; x_wconf 89' lang='lat' dir='ltr'>monstratur</span> <span class='ocrx_word' id='word_1_146' title='bbox 672 3186 737 3231; x_wconf 90' lang='lat' dir='ltr'>non</span> <span class='ocrx_word' id='word_1_147' title='bbox 767 3165 872 3230; x_wconf 88' lang='lat' dir='ltr'>minus</span> <span class='ocrx_word' id='word_1_148' title='bbox 899 3171 1014 3251; x_wconf 87' lang='lat' dir='ltr'>aperta</span> <span class='ocrx_word' id='word_1_149' title='bbox 1039 3162 1164 3230; x_wconf 85' lang='lat' dir='ltr'>ratione</span> 
     </span>
     <span class='ocr_line' id='line_1_23' title="bbox 206 3247 1165 3331; baseline -0.001 -17"><span class='ocrx_word' id='word_1_150' title='bbox 206 3253 239 3314; x_wconf 84' lang='lat' dir='ltr'>et</span> <span class='ocrx_word' id='word_1_151' title='bbox 265 3247 418 3331; x_wconf 85' lang='lat' dir='ltr'>veritate,</span> <span class='ocrx_word' id='word_1_152' title='bbox 449 3254 598 3316; x_wconf 81' lang='lat' dir='ltr'>naturum</span> <span class='ocrx_word' id='word_1_153' title='bbox 627 3250 799 3316; x_wconf 89' lang='lat' dir='ltr'>humanam</span> <span class='ocrx_word' id='word_1_154' title='bbox 829 3249 871 3316; x_wconf 90' lang='lat' dir='ltr'>ad</span> <span class='ocrx_word' id='word_1_155' title='bbox 898 3249 959 3316; x_wconf 85' lang='lat' dir='ltr'>hoe</span> <span class='ocrx_word' id='word_1_156' title='bbox 985 3247 1165 3314; x_wconf 87' lang='lat' dir='ltr'>institutam</span> 
     </span>
     <span class='ocr_line' id='line_1_24' title="bbox 206 3332 1164 3420; baseline -0.001 -21"><span class='ocrx_word' id='word_1_157' title='bbox 206 3351 291 3420; x_wconf 86' lang='lat' dir='ltr'>esse,</span> <span class='ocrx_word' id='word_1_158' title='bbox 320 3341 357 3400; x_wconf 92' lang='lat' dir='ltr'>ut</span> <span class='ocrx_word' id='word_1_159' title='bbox 384 3334 558 3420; x_wconf 84' lang='lat' dir='ltr'>aliquando</span> <span class='ocrx_word' id='word_1_160' title='bbox 582 3334 826 3404; x_wconf 85' lang='lat' dir='ltr'>immortalitate</span> <span class='ocrx_word' id='word_1_161' title='bbox 846 3335 944 3400; x_wconf 84' lang='lat' dir='ltr'>beata</span> <span class='ocrx_word' id='word_1_162' title='bbox 963 3338 1049 3401; x_wconf 88' lang='lat' dir='ltr'>totus</span> <span class='ocrx_word' id='word_1_163' title='bbox 1069 3332 1164 3400; x_wconf 85' lang='lat' dir='ltr'>homo</span> 
     </span>
    </p>
   </div>
   <div class='ocr_carea' id='block_1_9' title="bbox 0 0 1312 3826">
    <p class='ocr_par' dir='ltr' id='par_1_9' title="bbox 0 0 1312 3826">
     <span class='ocr_line' id='line_1_25' title="bbox 0 0 1312 3826; baseline 0 0"><span class='ocrx_word' id='word_1_164' title='bbox 0 0 1312 3826; x_wconf 95' lang='lat' dir='ltr'> </span> 
     </span>
    </p>
   </div>
  </div>
 </body>
</html>
