2616 3826
554 331 758 392 carmus.
1055 390 1057 402 ,
1092 329 1144 372 ¹1³

197 510 220 560 3.
234 503 335 570 ‘Quod
356 493 418 560 cum
448 523 563 576 corpore
590 504 618 558 in
646 522 700 576 quo
728 501 798 558 vivit
827 503 856 557 in
882 502 934 557 hac
962 499 1034 570 vita,
1060 501 1143 558 homo

249 595 382 662 resurget.

197 700 221 750 4.
249 693 330 759 Quod
348 694 383 749 de
400 695 522 750 humana
540 702 640 750 natura
659 694 783 766 perficiet
801 694 878 749 Deus
897 692 972 765 quod
990 690 1103 762 incepit.

199 805 222 854 5.
249 798 330 863 Quod
359 798 485 869 quamvis
510 798 563 853 hoc
588 816 702 854 necesse
729 799 766 853 sit
787 793 862 867 fieri,
888 803 982 853 tamen
1006 793 1060 849 hoc
1086 810 1142 848 non
1203 853 1205 862 ¹

247 884 332 943 faciet
356 885 672 956 cogentenecessitate,
698 889 726 940 et
749 899 820 955 quae
844 883 880 938 sit
903 879 1053 938 necessitas
1071 883 1143 951 qudo

227 1011 229 1017 ,
251 971 341 1026 aufert
359 970 478 1042 gratiam
496 975 545 1026 aut
562 971 670 1041 minuit,
688 978 716 1027 et
733 987 806 1042 quae
823 969 973 1026 necessitas
991 971 1102 1039 augeat.

201 1077 225 1128 t.
249 1073 331 1138 Quod
348 1073 563 1130 satisfactionem
581 1091 632 1146 per
647 1087 730 1145 quam
742 1075 865 1130 salvatur
876 1073 968 1142 homo,
985 1089 1042 1126 non
1056 1069 1146 1144 possit

150 1215 152 1219 .
210 1227 211 1232 ἵ
249 1159 342 1215 facere
359 1158 412 1214 uisi
429 1159 507 1214 Deus
526 1159 616 1216 homo.

132 1279 134 1282 ·
199 1270 222 1320 7.
248 1263 329 1328 Quod
354 1280 467 1319 necesse
492 1263 529 1318 sit
552 1264 671 1321 eundem
695 1266 785 1337 ipsum
805 1280 864 1320 csse
881 1262 1035 1334 perfectum
1052 1261 1144 1316 Deum

249 1355 277 1404 et
294 1348 448 1420 perfectum
466 1349 614 1431 hominem.

198 1458 222 1508 8.
247 1451 333 1518 Quod·
347 1471 380 1508 ex
396 1471 497 1524 genere
515 1454 596 1508 Adae
614 1461 642 1510 et
659 1455 693 1510 de
705 1453 823 1524 Virgine
839 1453 943 1509 femina
956 1453 1048 1508 Deum
1065 1468 1144 1520 opor·

247 1545 307 1594 teat
323 1557 462 1594 assumere
479 1540 651 1598 hominem..

199 1648 222 1698 9.
250 1641 330 1706 Quod
349 1659 462 1697 necesse
484 1643 519 1696 sit
535 1643 659 1716 Vepbum
683 1643 773 1698 solnm
796 1648 824 1697 et
846 1642 984 1698 hominem
1008 1642 1038 1696 in
1060 1657 1145 1696 unam

251 1727 398 1782 convenire
416 1745 569 1797 personam.

185 1836 224 1885 10.
253 1828 334 1894 Quod
353 1829 427 1884 idem
449 1829 531 1885 homo
551 1849 607 1886 non
624 1849 657 1885 ex
676 1830 770 1886 debito
791 1830 937 1900 moriatur,
964 1837 991 1891 et
1008 1830 1145 1901 quomodo

252 1915 341 1989 possit
360 1916 405 1971 vel
423 1933 479 1970 non
506 1917 594 1987 possit
616 1934 746 1988 peccare,
770 1923 799 1972 et
821 1933 871 1970 cur
891 1915 939 1972 ille
962 1917 1006 1972 vel
1029 1916 1147 1987 angelus

253 2002 356 2058 desua
375 2003 482 2058 iustitia
498 2003 655 2059 laudandus
674 2004 724 2074 eit,
743 2023 807 2060 cum
823 2019 940 2074 peccare
957 2022 1013 2059 non
1032 2004 1147 2075 possint

186 2109 224 2162 11.
254 2105 336 2173 Quod
353 2107 485 2161 moriatur
503 2125 537 2162 cx
556 2125 607 2165 sua
623 2113 761 2180 potestate
780 2115 808 2164 et
825 2108 900 2180 quod
921 2108 1074 2164 mortalitas
1091 2125 1147 2163 non

252 2191 391 2264 pertineat
409 2193 445 2246 ad
463 2211 561 2264 puram
579 2194 698 2250 hominis
717 2201 853 2250 naturam.

98 2333 101 2342 -
186 2301 224 2351 11.
252 2295 334 2360 Quod
360 2297 485 2367 quamvis
506 2279 744 2355 incommodorum
774 2304 930 2354 nostrorum
945 2299 1085 2370 particeps
1103 2299 1147 2370 sit,
1229 2321 1232 2335 ι

253 2382 337 2438 miser
353 2388 446 2438 tamen
464 2401 518 2438 non
535 2385 580 2441 sit.

189 2487 228 2537 13.
254 2483 335 2548 Quod
358 2503 421 2542 cum
444 2487 505 2542 aliis
528 2485 737 2542 infirmitatibus
763 2487 863 2543 nostris
887 2487 1073 2558 ignorantiam
1091 2505 1146 2543 non

254 2569 364 2627 habeat.
420 2623 422 2628 ,
1085 2603 1086 2606 =

188 2661 227 2711 14.
252 2655 395 2720 Quomodo
418 2678 490 2716 mors
514 2660 574 2716 eius
599 2660 760 2731 praevaleat
776 2677 891 2716 numero
911 2666 939 2716 et
958 2662 1149 2734 magnitudine

231 2799 234 2804 ,
256 2747 433 2813 peccatorum
451 2746 581 2801 omnium.
1197 2803 1199 2810 ,

189 2837 228 2886 15.
257 2828 400 2893 Quomodo
424 2833 516 2889 deleat
538 2849 611 2888 mors
636 2832 732 2888 eadem
756 2833 839 2890 etiem
861 2840 979 2904 peccata
997 2854 1060 2892 eum
1078 2837 1150 2910 peri·

256 2915 397 2971 mentium.

190 3011 240 3061 16⁰.
250 3002 376 3068 Qualiter
398 3005 474 3060 Deus
488 3007 534 3062 vde
559 3022 650 3060 massa
674 3007 829 3076 peccatrice
858 3006 988 3063 assumsit
1010 3009 1149 3065 hominem

255 3091 315 3145 sine
332 3097 455 3161 peccato,
474 3092 554 3148 etde
571 3093 723 3148 salvatione
739 3093 821 3148 Adae
838 3098 866 3149 et
879 3093 964 3149 Evae.

190 3179 242 3236 16⁸.
254 3177 399 3245 Quomodo
422 3194 478 3232 non
500 3179 664 3236 necessitate
689 3185 813 3236 mortuus
838 3186 894 3250 cst,
917 3180 965 3251 qui
984 3199 1040 3236 non
1057 3181 1149 3252 potuit

258 3283 319 3322 esse
336 3263 391 3320 nisi
407 3263 474 3335 quia
491 3270 550 3319 erat
567 3267 724 3322 moriturus.

191 3358 229 3408 11.
254 3352 334 3417 Quod
351 3351 381 3406 in
400 3349 461 3406 Deo
478 3366 535 3404 non
559 3351 595 3406 sit
622 3352 771 3408 necessitas
798 3352 844 3409 vel
869 3350 1093 3426 impossibilitas,
1121 3362 1149 3412 et

257 3437 324 3508 qnid
343 3437 380 3494 sit
395 3435 547 3494 necessitas
567 3453 671 3509 cogens
689 3444 718 3494 et
735 3438 885 3500 necessitas
901 3455 957 3495 non
976 3455 1087 3512 cogens.
