2616 3826
231 293 275 365 50
413 295 442 353 8.
459 295 630 356 Ausum
650 295 958 356 OANTUARIENSIS

197 467 214 518 2
231 469 448 529 misericordium
465 467 559 525 fecere
575 483 633 524 nen
649 467 752 540 posse?
787 469 856 524 Ans.
880 467 944 522 Hee
964 467 1050 524 debes
1067 482 1142 522 uuue

231 555 268 614 ab
286 555 342 610 iilis
362 555 480 628 exigere,
499 553 561 626 (qui
574 553 716 610 Christum
733 571 789 610 nun
807 569 869 610 esse
886 552 1004 610 eredunt
1014 569 1140 608 neessm·

229 641 303 696 rium
331 641 368 696 ad
390 641 467 696 illum
490 639 610 696 sulutem
632 637 762 708 hominis)
786 655 904 711 quorum
926 638 989 694 viee
1011 637 1142 709 loqueris,

231 732 265 782 ut
294 725 403 796 dieunt,
433 725 553 800 qualiter
583 723 666 780 homo
697 725 799 782 salvari
822 726 881 782 sine
907 723 1018 780 Christo
1045 723 1142 795 possit

197 811 313 876 dQuod
338 811 362 866 si
384 827 440 866 non
464 817 581 883 possunt
602 811 662 866 ulio
683 811 780 882 modo,
809 811 937 866 desinunt
959 826 1010 864 nos
1027 808 1142 865 irridere

230 903 259 952 et
276 897 411 952 secedent
426 901 455 952 et
472 896 591 967 iungunt
607 913 637 952 se
654 893 749 964 nobis,
777 894 826 966 qui
842 911 899 950 nen
915 894 1076 950 dubitemus
1092 895 1141 950 he·

230 983 334 1038 minem
363 981 467 1036 salvari
489 995 572 1050 pesse
592 995 644 1051 per
666 979 822 1050 Christum
848 984 899 1034 aut
919 981 1067 1051 desperent
1089 980 1142 1036 hoe

197 1067 288 1122 tullo
307 1067 390 1123 modo
414 1081 497 1136 posse
518 1064 587 1120 fieri.
623 1064 704 1130 Quod
724 1067 748 1121 si
765 1067 890 1135 horrent,
918 1065 1033 1121 eredunt
1050 1065 1142 1124 nohis·

230 1169 295 1208 eum
312 1153 341 1206 in
359 1151 514 1221 Christum,
541 1156 573 1206 ut
591 1151 699 1222 possint
717 1150 828 1207 salvari.
864 1154 934 1206 Boe.
964 1150 993 1205 A
1011 1156 1040 1206 te
1056 1167 1142 1222 ¹quese-

228 1253 298 1308 rsm,
316 1237 390 1293 sieut
407 1237 511 1308 incepi,
530 1242 563 1292 ut
580 1238 712 1292 ostendas
730 1237 808 1306 mihi,
830 1253 886 1309 que
902 1235 1008 1291 ratione
1021 1236 1142 1292 salvetur

197 1323 310 1379 thome
333 1340 385 1393 per
407 1320 555 1377 Christum.
591 1323 661 1378 Am.
688 1322 789 1381 Nonne
811 1321 982 1378 sufficienter
1006 1321 1142 1394 probatur

229 1423 281 1478 per
297 1407 437 1462 Christum
453 1407 593 1462 hominem
612 1424 694 1478 posse
718 1407 834 1478 salvari,
858 1423 921 1462 eum
939 1405 1024 1462 etium
1043 1407 1140 1463 infide·

229 1492 270 1548 les
289 1510 346 1548 non
371 1500 475 1563 negent
500 1492 640 1549 hominem
663 1493 722 1550 ullo
745 1493 827 1549 modo
846 1509 928 1564 posse
943 1492 1004 1549 fieri
1021 1494 1142 1563 beatum,

230 1583 258 1633 et
283 1577 352 1632 satis
378 1584 519 1634 ostensum
545 1578 594 1646 eit,
626 1579 693 1652 quie
722 1580 746 1634 si
768 1579 896 1652 ponimus
919 1577 1060 1635 Christum
1085 1596 1142 1634 nou

196 1668 304 1734 desse,
335 1663 413 1719 nullo
438 1664 520 1720 modo
547 1670 639 1736 potest
663 1663 781 1720 inveniri
809 1665 886 1720 selus
909 1665 1047 1722 hominis?
1081 1664 1142 1721 Aut

228 1750 302 1810 ,enim
333 1765 386 1821 per
410 1749 551 1806 Christum
585 1755 635 1805 eut
663 1750 718 1806 ulio
749 1750 845 1822 aliquo
873 1756 922 1806 eut
952 1750 1031 1806 nullo
1059 1749 1141 1806 modo

228 1836 330 1906 poterit
360 1835 443 1892 homo
473 1837 568 1892 salvus
599 1851 676 1906 esse;
706 1843 877 1908 quapropter
908 1835 931 1892 si
960 1835 1063 1892 fulsum
1091 1841 1141 1907 est,

228 1921 296 1992 quia
321 1921 399 1976 nullo
425 1928 475 1977 eut
498 1920 592 1992 uliquo
617 1921 673 1976 alio
695 1919 779 1976 modo
804 1925 898 1992 potest
918 1923 971 1978 hue
994 1935 1068 1987 esse,
1093 1941 1140 1981 ue·

194 2012 306 2061 deesse
338 2013 381 2062 est
409 2006 471 2062 fieri
499 2023 550 2077 per
580 2005 728 2062 christum.
784 2007 853 2062 Boe.
893 2006 923 2063 Si
953 2009 1015 2079 quie
1043 2009 1141 2066 videns

228 2090 364 2144 rationem
383 2091 450 2161 quie
469 2092 524 2146 alio
542 2092 624 2148 modo
644 2109 700 2147 non
723 2095 816 2161 potest
834 2107 909 2158 esse,
937 2095 966 2146 et
986 2107 1043 2146 uon
1060 2093 1142 2152 intei-

228 2174 321 2246 ligens
343 2191 400 2246 que
422 2177 529 2232 ratione
552 2195 603 2249 per
628 2176 768 2233 christum
793 2191 852 2230 esse
878 2175 983 2246 valeat,
1016 2193 1141 2236 asserere

227 2259 307 2328 velit,
331 2261 399 2331 quis
422 2279 475 2317 nee
499 2280 550 2335 per
570 2262 711 2319 Christum
735 2277 787 2316 see
806 2260 966 2318 ullomodo
986 2269 1071 2334 queat
1087 2263 1140 2320 hoe

193 2341 304 2400 desse:
336 2345 404 2417 quid
432 2346 500 2402 huie
526 2347 776 2421 respondebimus?
825 2347 894 2403 Am.
924 2347 999 2412 Quid
1027 2365 1139 2420 respou-

228 2430 352 2485 dendum
383 2437 425 2488 est
454 2433 509 2505 illi,
539 2435 587 2507 qui
617 2434 722 2490 ideireo
751 2433 850 2488 astruit
881 2449 941 2488 esse
968 2433 1140 2504 impossibile

226 2515 302 2588 quod
320 2531 433 2574 neeesse
451 2525 493 2576 est
511 2535 585 2591 esse,
604 2520 671 2592 quie
687 2519 791 2588 nescit,
818 2517 956 2589 quomodo
974 2518 1032 2573 sit?
1067 2523 1137 2577 Boe.

225 2599 301 2665 Quis
317 2601 449 2673 insipiens
468 2611 518 2661 est.
554 2608 624 2661 Am.
651 2603 890 2660 Centemueudum
912 2611 955 2660 est
977 2619 1043 2676 ergo
1062 2605 1138 2676 qued

227 2685 303 2741 dicit
337 2688 409 2743 Bos.
442 2687 549 2745 Verum
578 2696 636 2758 est3
662 2689 712 2745 sed
734 2688 788 2745 hoe
812 2688 905 2758 ipsum
927 2689 969 2744 ilii
991 2691 1138 2746 ostenden·

193 2765 209 2816 9
227 2770 294 2824 dum
311 2778 367 2840 est,
392 2789 448 2843 qua
471 2774 578 2830 ratione
603 2774 640 2831 sit
660 2775 736 2846 quod
754 2780 836 2846 putat
853 2773 1032 2845 impossibile.
1067 2775 1137 2830 Asse.

225 2853 274 2910 An
291 2873 349 2911 non
365 2857 498 2929 intelligis
518 2875 551 2913 ex
572 2857 615 2912 his
641 2876 712 2931 quse
736 2877 821 2931 supra
846 2859 979 2931 diximus,
1002 2862 1069 2933 quie
1090 2877 1137 2914 ue·

226 2957 302 2996 cesse
329 2947 371 2996 ert
395 2942 504 3015 sliquos
529 2941 653 3002 homines
679 2944 717 3001 sd
743 2944 945 3001 beatitudinem
970 2945 1137 3018 pervenire?

207 3025 298 3090 ,Nem
315 3029 340 3083 si
360 3027 421 3086 Dee
445 3033 488 3083 est
511 3028 706 3088 inconvenieus
726 3030 865 3088 hominem
884 3047 946 3088 eum
966 3031 1061 3103 eliqua
1079 3047 1136 3086 me

223 3114 288 3170 culs
304 3114 456 3186 perducere
474 3115 512 3168 ad
530 3113 591 3183 hoe,
610 3115 648 3169 ad
665 3115 740 3186 quod
756 3112 836 3172 illum
855 3116 915 3172 sine
932 3115 1006 3172 omni
1025 3113 1137 3170 macule

222 3197 304 3269 feeit,
335 3217 371 3256 ne
402 3205 452 3255 aut
476 3199 542 3256 beni
566 3200 690 3271 incoepti
718 3201 860 3271 poenitere
891 3207 941 3256 eut
963 3199 1137 3276 propositum

222 3283 340 3356 implere
364 3301 420 3340 uon
445 3301 528 3355 pesse
551 3284 693 3356 viduatum
718 3285 807 3342 multo
832 3285 924 3358 magis
939 3290 1054 3356 propter
1072 3301 1136 3340 ean·

224 3369 288 3425 dem
313 3368 567 3426 ineeuvenieutism
592 3368 763 3440 impossihile
789 3376 833 3427 est
859 3369 968 3426 mullum
993 3370 1134 3427 hominem
