2616 3826
205 285 248 352 90
386 279 414 338 s.
431 277 602 338 Aristum
621 277 931 336 osurommusrs

204 449 446 526 perticipationem
462 448 651 505 accedendum
674 425 711 503 et*
726 449 863 520 quomodo
880 448 933 504 sub
951 449 1000 504 illu
1016 448 1110 506 visen

206 538 286 605 dum,
310 553 360 590 uos
384 533 490 606 ubique
509 551 589 589 saera
606 534 746 606 scriptura
762 535 856 605 docet,
876 551 951 606 quae
967 551 1050 605 super
1068 551 1111 590 so·-

205 622 292 677 lidem
309 619 469 690 veritatem,
492 637 577 692 quam
602 620 753 676 adiuvante
770 619 832 676 Deo
856 619 1031 692 aliquatenus
1047 635 1111 692 per·

205 707 355 778 speximus,
373 705 450 761 velut
468 721 552 777 super
561 704 672 760 firmum
682 705 894 761 fundamentum
905 703 1026 760 findere
1035 708 1110 771 est1)
1213 711 1216 719 ’

156 794 187 845 15
205 795 275 848 Boo.
293 790 368 848 Vere
384 791 522 863 quidquid
540 809 625 863 super
639 791 851 847 tundamentum
868 790 923 845 hoc
939 789 1110 860 aedificatur,

155 880 188 933 16
206 895 289 950 super
304 876 413 933 firmam
430 881 539 947 petram
557 877 699 933 fundatur.
733 878 803 931 Am.
832 876 906 932 Puto
924 894 969 932 me
985 875 1112 947 eliquan-

204 965 295 1020 tulum
312 962 368 1016 ium
384 967 450 1016 tuae
472 959 638 1016 satisfecisse
653 961 821 1036 quaestioni,
840 962 966 1032 quemvis
984 961 1039 1016 hoc
1056 977 1112 1016 me·

204 1048 258 1104 lior
276 1065 321 1104 me
339 1047 433 1102 faeere
457 1045 567 1117 plenius
584 1047 689 1118 possit,
716 1054 745 1103 et
768 1047 886 1102 maiores
911 1052 996 1118 atque
1017 1045 1112 1118 plures

206 1151 290 1208 quam
314 1149 407 1188 meum
430 1137 481 1188 aut
504 1133 619 1189 monde
644 1132 787 1204 ingenium
814 1130 1047 1203 comprehendere
1063 1149 1111 1189 ra·

156 1216 187 1267 17
204 1221 276 1288 leat,
304 1219 387 1275 huius
412 1216 453 1272 rei
477 1217 534 1272 sint
555 1218 686 1274 rationes.
717 1219 816 1273 Palam
845 1217 931 1274 etism
958 1223 1014 1286 est,
1044 1217 1111 1289 quia

204 1304 290 1375 Deus,
307 1310 340 1359 ut
357 1303 410 1358 hoc
428 1303 533 1358 faceret
546 1303 621 1375 quod
633 1303 759 1374 diximus,
777 1304 938 1360 nullatenus
950 1302 1111 1375 indigebet3

205 1391 256 1447 sed
284 1391 326 1452 ita
353 1389 456 1445 veritas
482 1389 662 1444 immutabilis
689 1390 834 1462 exigebam
862 1389 929 1443 licet
957 1389 1032 1444 enim
1059 1389 1113 1444 hoc

205 1475 281 1547 quod
299 1474 381 1529 homo
409 1473 458 1528 ille
479 1473 558 1544 feeit,
581 1471 659 1530 Deus
680 1475 790 1530 dicatur
805 1474 905 1530 fecisse
921 1480 1035 1544 propter
1051 1474 1112 1530 uui-

204 1567 292 1617 tatem
318 1577 466 1632 personae,
493 1559 571 1616 Deus
598 1565 692 1616 tamen
713 1579 771 1616 non
792 1559 895 1632 egebat
920 1565 953 1615 ut
975 1558 1010 1616 de
1034 1560 1115 1639 coelo

205 1644 386 1702 descenderet
403 1644 440 1700 ad
462 1646 630 1702 vincendum
657 1643 811 1714 diabolum,
835 1661 927 1718 neque
949 1653 982 1702 ut
1004 1664 1056 1718 per
1071 1647 1113 1701 iu-

205 1731 310 1786 stitiam
335 1736 432 1804 ageret
459 1737 555 1787 conus
582 1730 662 1784 illurn
691 1730 728 1784 ad
753 1729 929 1786 liberandum
959 1731 1112 1803 bominem,

205 1817 255 1872 sed
272 1817 309 1872 ab
327 1817 439 1872 homine
457 1817 536 1872 Deus
562 1815 704 1886 exigebat,
731 1821 764 1870 ut
787 1815 1068 1872 diabolumvinceret
1084 1823 1114 1872 et
1162 1881 1165 1886 ¹

205 1904 254 1976 qui
271 1919 321 1974 per
343 1907 491 1973 peccatum
507 1900 600 1955 Deum
619 1899 787 1969 offenderat,
812 1919 863 1971 per
878 1900 1013 1957 iustitiam
1031 1901 1113 1956 satis-

156 1995 188 2046 18
205 1989 297 2044 faciat
335 1985 608 2059 Siquidemdiabolo
630 2001 682 2040 nec
701 1983 782 2042 Deus
796 1986 905 2058 aliquid
922 1986 1042 2063 debebat
1056 1987 1112 2042 nisi

205 2090 338 2144 poenam,
361 2088 413 2127 neo
436 2071 518 2125 homo
540 2068 595 2122 nisi
619 2070 724 2140 vicem,
748 2076 781 2125 ut
804 2071 907 2127 abillo
924 2071 1014 2128 victum
1033 2071 1112 2126 illum

205 2159 370 2226 revinceret3
399 2155 449 2210 sed
474 2153 611 2226 quidquid
635 2154 672 2210 ab
699 2155 747 2212 illo
776 2154 952 2226 exigebatur,
978 2154 1032 2212 hoo
1051 2154 1113 2213 Deo

207 2243 328 2300 debebat
343 2258 400 2297 uou
418 2238 538 2296 diabolo.

175 2448 188 2498 1
284 2415 355 2501 20.
405 2447 475 2505 Aac.
512 2445 731 2510 Misericordiam
746 2463 813 2503 vero
832 2447 887 2503 Dei
904 2464 977 2518 quae
992 2445 1046 2503 tibi
1065 2462 1113 2519 pe·

207 2534 262 2590 rire
283 2533 441 2601 ridebatur,
466 2547 530 2587 cum
551 2531 686 2586 iustitiam
703 2531 759 2587 Dei
781 2537 811 2587 ot
830 2537 976 2603 peccatum
995 2530 1113 2586 hominis

207 2616 464 2686 considerabamus,
488 2622 546 2670 tam
569 2633 701 2688 magnam
721 2622 835 2688 tamque
856 2617 1020 2673 concordem
1035 2615 1112 2671 iusti·
1178 2653 1180 2658 ·

174 2704 190 2755 2
208 2703 264 2758 tiae
287 2702 458 2772 invenimus,
483 2707 516 2755 ut
540 2718 591 2757 uec
614 2701 701 2757 maior
725 2718 778 2756 nec
798 2701 896 2757 iustior
915 2702 1033 2775 cogitari
1050 2719 1113 2774 pos·

208 2788 253 2844 sit.
283 2785 391 2859 Nempe
408 2785 477 2860 quid
493 2785 697 2843 misericordius
715 2787 835 2858 intelligi
852 2787 936 2856 valet,
953 2804 1038 2860 quam
1049 2802 1113 2842 oum

208 2873 349 2945 peccatori
374 2872 516 2930 tormentis
543 2872 663 2928 aeternis
691 2873 822 2929 bornato
846 2879 875 2929 et
896 2873 972 2928 unde
995 2889 1025 2930 se
1042 2871 1115 2928 redi·
1183 2925 1187 2934 ,

208 3068 233 3118 2.
249 3024 419 3136 [„Pecoatori
428 3061 506 3142 Deus
516 3060 603 3142 Patep
615 3060 698 3143 dicit:
716 3061 813 3130 acerbe
823 3057 1008 3143 Unigenitum
1020 3077 1112 3116 meum

208 3138 237 3187 et
254 3133 295 3186 da
314 3138 426 3201 prote·
445 3136 498 3185 eti
534 3129 671 3184 eFilrus:
695 3127 762 3184 tolle
778 3146 823 3184 me
841 3136 871 3185 et
887 3132 994 3184 redime
1013 3129 1077 3186 te“.

280 3201 306 3268 1)
332 3170 472 3255 celeb.
512 3203 628 3269 .e.18,
655 3203 689 3280 1²³
716 3204 744 3254 ct
770 3214 841 3279 quae
870 3197 911 3254 ibi
936 3197 1027 3280 ers,
1078 3237 1114 3278 ⁸.

207 3267 482 3392 heaciiaddtsdlingd
496 3271 567 3393 &at
592 3284 616 3323 c.
642 3267 692 3350 hb.
718 3266 814 3324 arbitr.
843 3272 873 3323 et
897 3267 1028 3334 Eadmesu
1056 3265 1115 3344 bio·¹

207 3355 278 3409 FP
480 3355 498 3394 ⁸
1106 3397 1108 3400 .
