2616 3826
616 94 621 129 l

130 346 184 388 vm
413 331 834 402 nnmnnmonnrronrs.

128 517 235 588 atrei
263 519 390 602 amplae
417 517 658 604 profundaeque
689 483 830 604 congrua
854 477 968 582 mirum
993 532 1092 618 quan·

127 612 198 671 turn
225 603 459 690 supersedisse,
490 624 613 670 necnon
644 623 747 687 aequo
776 604 850 688 plus
879 622 1004 669 crucem
1024 602 1092 667 dra-

127 690 204 756 hclo
231 689 317 754 iuste
337 689 497 755 hominem
523 690 655 755 vexanti
676 689 770 772 quasi
790 688 1002 773 muscipulam
1024 695 1092 754 ten-

130 795 201 842 sam
232 772 369 860 arsisse,
405 775 508 841 nescit
527 793 637 840 nemo
674 773 708 839 in
739 774 874 840 historia
907 774 1093 856 dogmatum

133 859 377 926 christianorum
406 865 562 926 versatus.
606 860 649 923 At
676 879 753 925 vero
780 859 812 924 S.
829 859 1000 924 Anselmus
1028 878 1093 924 non

132 953 183 1014 sat
204 943 317 1009 habuit
339 964 410 1010 oum
432 944 577 1030 patribus
605 947 841 1008 convenientiam
862 963 1007 1009 asserere
1031 943 1093 1009 sal-

129 1031 284 1114 vationis,
313 1031 440 1114 qualem
461 1029 524 1095 Dei
550 1029 636 1096 lilius
661 1027 859 1094 humanitate
880 1029 914 1093 in
934 1030 1102 1112 personae*

130 1116 285 1181 unitatem
317 1120 461 1180 assumta
489 1114 613 1198 effecit,
645 1133 749 1198 neque
777 1113 994 1180 tantummodo
1024 1135 1092 1175 con·

131 1205 277 1265 tentiones
303 1199 387 1264 inter
408 1199 568 1264 Adamum
594 1204 625 1264 et
649 1198 810 1264 Christum
835 1198 964 1264 illiusve
984 1198 1092 1263 inobe-
1188 1241 1191 1266 t

128 1284 286 1350 dientiam
307 1291 539 1368 peccatumque
558 1283 755 1348 mortiferum
777 1289 809 1348 et
830 1282 924 1348 huius
945 1279 1107 1348 obedien--

129 1370 209 1435 tiam
229 1368 447 1453 iustitiamque
473 1368 635 1435 vivificam
661 1368 782 1451 absque
804 1367 899 1434 dubio
921 1368 1092 1433 concinnas
1142 1443 1144 1446 ¹

131 1453 233 1520 voluit
262 1453 348 1539 fieri,
380 1453 438 1520 sed
467 1457 673 1518 necessitatem
706 1453 834 1518 divinae
863 1453 1093 1519 humiliationis

129 1537 412 1605 demonstrandam
440 1543 538 1621 atque
565 1540 778 1603 rationabilem
808 1539 989 1602 soliditatem
1010 1537 1092 1604 veri-

2 1623 20 1642 ''
131 1615 223 1708 tatis,
253 1623 341 1690 cuius
370 1623 531 1709 principia
559 1629 592 1688 et
618 1622 763 1706 germina
785 1622 871 1708 apud
894 1621 1092 1708 superiorum

129 1715 309 1795 temporum
329 1708 475 1774 doctores
497 1707 673 1792 indagavit,
697 1727 768 1774 esse
790 1708 1015 1792 explicandam
1036 1707 1092 1772 ha-

109 1793 199 1867 huit
226 1813 425 1880 persuasum.
473 1794 646 1859 Praeterea
675 1801 782 1859 autem
810 1793 1092 1878 argumentationi-

87 1887 98 1900 ”
129 1879 190 1944 bus
218 1881 367 1964 istorum,
397 1879 452 1961 qui
475 1885 541 1943 tam
568 1877 731 1944 diabolum
759 1896 818 1962 per
838 1879 960 1961 lignum
981 1878 1015 1942 in
1035 1898 1093 1962 pa-

130 1963 239 2045 radiso
281 1963 434 2028 victorem
477 1963 618 2045 aliquam
660 1962 694 2026 in
735 1961 930 2046 possidendo
965 1963 1094 2028 homine

112 2047 287 2124 iustitiam
312 2047 485 2130 mortisque
512 2045 680 2129 imperium
701 2045 852 2111 habuisse
874 2046 1093 2131 defenderunt,
1186 2085 1187 2088 =
1304 2095 1305 2098 ,

130 2155 229 2218 quam
266 2132 402 2198 eundem
436 2150 569 2216 corpore
602 2129 733 2195 Domini
770 2130 803 2194 in
835 2138 968 2196 mortem
1000 2138 1093 2217 rapto

130 2219 220 2284 hami
240 2217 419 2283 divinitatis
438 2215 473 2281 in
495 2236 533 2281 eo
554 2215 669 2281 inclusi
690 2215 924 2300 imprudentem
946 2235 1018 2282 esse
1039 2217 1093 2282 de-

130 2303 253 2371 victum
269 2303 462 2385 illusumque
481 2305 686 2384 censuerunt,
713 2337 755 2346 --
783 2320 915 2385 prorsus
936 2301 1095 2368 dubitavit

127 2389 240 2455 album
272 2387 413 2454 adiicere
445 2387 610 2452 calculum.
664 2385 777 2470 Neque
810 2387 895 2451 enim
927 2388 993 2452 ullo
1025 2387 1094 2452 iure

132 2474 285 2541 Anselmo
313 2474 403 2539 visus
443 2477 492 2537 est
530 2475 699 2557 peccatum
733 2470 921 2556 peccatique
956 2489 1102 2556 poenam

132 2559 279 2625 diabolus
310 2561 351 2625 ab
377 2557 558 2623 hominibus
588 2561 663 2621 ante
691 2556 877 2640 passionem
903 2556 1095 2622 dominicam

131 2644 299 2728 exegissc3
327 2663 366 2708 ao
387 2642 596 2708 scholasticus
622 2647 731 2707 noster
753 2641 903 2724 quoniam
924 2647 1011 2706 recte
1033 2642 1094 2707 Ve-

132 2729 261 2794 ritatem
281 2727 382 2792 ullum
402 2726 514 2792 fallere
535 2727 683 2812 negavit,
706 2725 857 2791 virtutem
877 2725 1021 2792 divinam
1037 2725 1093 2790 hu·

131 2833 229 2878 mana
248 2811 428 2877 humilitate
446 2810 531 2876 hunc
555 2811 590 2876 in
610 2811 707 2876 finem
727 2817 883 2897 opertam,
912 2815 948 2876 ut
969 2811 1095 2876 fallere·
1178 2825 1181 2830 ·

132 2905 186 2963 tur
205 2897 373 2963 fallerctve
402 2916 437 2962 se
464 2896 518 2980 qui
537 2896 679 2962 fallendo
701 2896 861 2961 hominem
878 2897 919 2962 de
941 2896 1094 2982 paradiso

132 2983 305 3050 deiecisset
336 2980 497 3066 diabolus,
527 2980 702 3046 concedere
730 2981 861 3063 nequiit,
904 2979 1095 3047 Huiusmodi

23 3110 26 3114 -
131 3068 231 3152 igitur
252 3106 292 3114 —
315 3066 421 3150 quoad
444 3065 562 3148 dogma
587 3065 816 3131 satisfactionis
839 3105 880 3116 —
902 3059 1096 3132 offendicula
1165 3145 1167 3148 Ι

132 3152 255 3236 legenti
276 3157 404 3242 patrum
424 3151 546 3234 scripta
566 3150 663 3216 Becci
684 3151 750 3214 iam
771 3159 989 3234 occurrerunt,
1011 3169 1095 3234 quae

133 3237 169 3301 in
196 3236 266 3303 dies
295 3237 433 3302 adaucta
463 3235 525 3301 sibi
556 3235 653 3300 evelli
685 3255 749 3301 non
781 3256 877 3320 posse
908 3235 998 3319 vidit,
1031 3234 1095 3300 nisi
1209 3283 1211 3287 -

131 3321 204 3405 ipse
225 3341 293 3386 rem
314 3327 431 3387 exacta
444 3319 714 3385 demonstratione
729 3326 878 3406 egentem
892 3318 1095 3384 retractando

131 3413 167 3472 et
188 3411 296 3489 partes
318 3425 339 3470 a
359 3405 533 3471 maioribus
555 3403 683 3470 relictas
704 3406 850 3491 expleret
873 3408 905 3468 et
926 3403 1095 3470 veritatem
