2616 3826
412 333 489 396 oua
506 335 605 396 nnus
622 337 739 394 norro.
775 335 812 394 11.
833 343 894 392 17.¹
934 323 936 326 ’
1056 329 1106 403 81'

194 515 270 566 otum
288 511 342 579 est)
358 511 433 566 idem
449 511 509 581 ipse
529 509 635 583 estqui
655 507 743 566 Filius
754 510 809 566 Dei
827 507 913 578 Deus,
932 517 988 564 non¹
1005 501 1098 579 potuis

192 611 250 649 non
264 596 334 650 mori
352 600 402 650 aut
421 597 493 652 velle
510 613 567 650 non
582 594 665 666 mori,
690 603 838 668 postquam
861 595 896 650 de
915 593 1032 666 Virgine
1050 607 1098 646 na-

124 677 127 684 ’
193 687 239 736 tus
259 685 316 742 est3
342 698 398 735 non
415 679 586 754 significatur
603 681 633 736 in
648 682 697 737 illo
713 683 772 737 ulla
790 680 953 753 impotentia
970 676 1100 734 servandi

194 770 244 820 aut
276 766 388 822 volendi
425 783 536 823 servare
568 767 653 823 vitam
695 785 773 823 suam
809 766 1006 834 immortalem,
1049 762 1123 817 sed'

194 851 403 907 immutabilitas
438 853 588 908 uoluntatis
626 855 695 924 eius,
738 863 860 925 quase
898 857 996 922 sponte
1033 847 1101 904 iecit

194 937 332 993 hominem
367 939 403 992 ad
437 939 491 994 hoo
526 946 558 995 ut
598 939 627 994 in
663 940 759 996 eadem
794 938 938 993 voluntate
973 949 1099 1004 perseve-

194 1035 259 1076 rans
292 1029 457 1094 moreretur,
490 1030 517 1081 et
549 1026 615 1098 quia
647 1025 724 1080 nulla
752 1041 796 1079 res
826 1022 919 1095 potuit
947 1021 1024 1074 illam
1052 1035 1099 1072 vo·
1181 1075 1182 1080 χ

195 1106 330 1163 lantatem
357 1115 473 1165 mutare.
524 1111 592 1165 Plus
622 1111 695 1166 enim
724 1114 797 1165 esset
822 1106 986 1180 impotentia
1017 1119 1101 1175 quam
1120 1105 1152 1158 16

196 1193 333 1264 potentia,
358 1195 382 1248 si
405 1202 500 1266 posset
521 1197 592 1252 velle
614 1196 725 1252 mentiri
743 1203 792 1252 aut
808 1197 906 1252 fallere
927 1202 977 1252 aut
992 1201 1100 1250 mutare

195 1281 382 1351 voluntatem,
410 1298 494 1353 qnam
518 1283 595 1354 prius
621 1283 827 1339 immutabilem¹
846 1300 906 1338 esse
933 1281 1030 1336 voluit.
1064 1279 1102 1335 Et
1120 1283 1152 1334 Π

196 1365 220 1420 si
242 1367 486 1438 (quemadmodum
510 1385 595 1439 supra
605 1372 627 1434 ¹)
648 1369 717 1437 dixi)
743 1387 806 1424 cum
832 1367 932 1441 aliquis
956 1373 1054 1440 sponte
1071 1385 1102 1423 se

179 1453 325 1531 'proponit
348 1453 487 1509 iacturum
510 1454 614 1510 bonum
636 1455 764 1527 aliquod,
791 1462 820 1511 et
844 1456 942 1512 eadem
959 1455 1102 1510 voluntate
1190 1479 1194 1488 =

196 1544 295 1608 postea
319 1537 428 1610 perficit
453 1540 528 1611 quod
552 1542 710 1611 proposuit3
735 1541 861 1613 quamvis
884 1539 947 1611 cogi
968 1539 1056 1610 possit
1078 1538 1104 1592 si

196 1623 267 1678 nolit
291 1625 456 1694 promissum
478 1625 601 1696 solvere,
628 1643 684 1681 non
709 1633 803 1680 tamen
830 1626 965 1680 dicendus
992 1630 1035 1680 est
1056 1641 1103 1678 ne·

197 1707 327 1764 cessitate
351 1709 443 1765 facere
462 1711 536 1781 quod
552 1711 637 1780 facit,
661 1711 710 1765 sed
730 1729 763 1767 ea
781 1729 836 1783 qua
852 1710 998 1781 proposuit
1015 1709 1104 1764 libera

198 1791 356 1862 voluntate,
392 1811 448 1848 non
476 1795 548 1850 enim
576 1796 741 1852 necessitate
769 1804 818 1851 aut
848 1791 1011 1866 impotentia
1043 1792 1104 1849 fieri

198 1875 244 1929 vel
266 1893 322 1930 non
344 1876 404 1932 fieri
432 1878 487 1934 dici
513 1881 596 1937 debet
626 1880 747 1952 aliquid,
771 1881 821 1936 ubi
845 1896 937 1952 nequo
954 1879 1104 1935 necessitas

198 1977 290 2032 neque
307 1959 470 2034 impotentia
488 1966 640 2038 quidquam
663 1971 812 2037 operantur
838 1967 888 2022 sed
911 1965 1052 2034 voluntas,
1069 1993 1105 2006 -

200 2046 237 2116 si,
262 2049 389 2119 inquam,
415 2048 455 2103 ita
479 2055 523 2104 est
544 2049 573 2104 in
590 2051 715 2120 homine,
741 2054 828 2109 multo
846 2051 935 2123 magis
954 2050 1104 2106 necessitas
1184 2091 1187 2098 a

148 2179 149 2183 ,
199 2137 249 2187 aut
279 2133 444 2204 impotentia
471 2152 648 2208 nequaquam
678 2136 863 2193 nominandae
890 2143 955 2192 sunt
982 2137 1011 2191 in
1034 2136 1105 2207 Deo,

201 2217 249 2288 qui
265 2219 335 2273 nihil
351 2221 405 2274 nisi
425 2223 498 2293 quod
516 2221 578 2277 vult
594 2223 669 2292 facit,
688 2229 716 2278 et
736 2223 815 2278 ouius
835 2223 1006 2300 uoluntatem
1027 2222 1105 2276 nulla

200 2301 242 2354 vis
267 2319 367 2375 eogere
389 2311 439 2360 aut
459 2306 604 2377 prohibere
625 2307 708 2363 valet.
744 2309 792 2363 Ad
807 2308 861 2362 hoc
880 2308 952 2362 enim
971 2306 1059 2361 valuit
1075 2305 1106 2358 in
1124 2307 1160 2360 ta

201 2383 310 2462 Christo
326 2389 470 2446 diversitas
487 2397 648 2446 naturarum
668 2400 695 2448 et
711 2394 803 2447 unitas
815 2409 959 2463 personae,
977 2397 1009 2444 ut
1031 2389 1106 2464 quod

201 2487 272 2542 opus
291 2481 351 2529 erat
375 2475 435 2530 lieri
460 2477 497 2532 ad
519 2477 661 2532 hominum
687 2477 914 2532 restaurationem
939 2478 963 2530 si
985 2475 1107 2529 bumana

201 2575 258 2612 non
275 2566 370 2630 posset
384 2568 499 2632 natura,
512 2563 626 2618 ‘faceret
647 2563 755 2631 divina,
779 2567 807 2615 et
824 2567 848 2615 si
868 2559 978 2615 divinae
996 2559 1108 2614 minime

201 2646 373 2716 conveniret,
398 2647 540 2703 exhiberet
558 2647 691 2716 humana3
714 2653 741 2702 et
764 2663 820 2701 non
844 2646 914 2700 alius
935 2650 1018 2718 atque
1035 2639 1117 2698 alius

202 2731 251 2785 sed
270 2731 344 2788 idem
360 2733 421 2803 ipse
440 2740 525 2803 esset,
547 2734 595 2806 qui
614 2739 762 2805 utrumque
780 2732 900 2787 existens
916 2729 1039 2802 perfecte
1057 2747 1107 2801 per

200 2817 349 2872 humanam
368 2818 486 2874 solveret
511 2820 587 2892 quod
613 2817 662 2873 illa
689 2819 824 2886 debebat,
853 2824 881 2872 et
907 2833 958 2888 per
984 2815 1107 2869 divinam

201 2909 297 2977 posset
313 2905 388 2975 quod
406 2905 577 2976 expediebat.
612 2905 742 2976 Denique
758 2903 847 2976 Virgo
868 2919 939 2974 quae
955 2919 1005 2973 per
1024 2899 1107 2954 fidem
1125 2909 1159 2960 19

203 2990 308 3043 munda
325 2989 401 3043 iacta
418 2997 473 3061 est,
499 2997 531 3046 ut
556 2992 591 3046 de
613 2992 661 3045 illa
677 2996 771 3061 posset
789 2990 906 3057 assumi,
930 3001 1118 3057 nequaquam

202 3075 322 3130 credidit
336 3074 415 3128 illum
435 3091 494 3130 esse
513 3077 674 3130 moriturum
698 3077 752 3130 nisi
773 3075 839 3146 quia
854 3075 952 3140 vellet,
976 3069 1107 3142 quemad-

202 3161 315 3216 modum
337 3176 388 3230 per
408 3160 585 3231 prophetam,
609 3161 657 3232 qui
681 3162 715 3216 de
732 3161 780 3215 illo
800 3160 882 3214 dixit:
912 3156 1038 3226 „oblatus
1057 3163 1107 3225 est,

177 3306 180 3316 ,
203 3247 269 3316 quia
299 3247 359 3317 ipse
389 3245 538 3314 voluit‘⁴,²)
570 3247 712 3301 didicerat
775 3245 950 3315 Quapropter
978 3240 1108 3313 quoniam
1125 3241 1159 3293 20

191 3379 192 3384 ’
276 3407 301 3470 1)
322 3421 344 3458 s.
366 3409 483 3473 susq.
537 3401 751 3492 missiset.
804 3463 811 3484 Ι

934 3485 950 3535 6
