2616 3826
393 307 471 376 OUB
487 315 589 374 DEUS
606 315 796 385 nouom
816 323 843 374 7.
1033 273 1076 386 bb

247 487 290 575 ἵ,
340 523 410 576 Ans.
446 522 676 594 Investigandum
709 523 780 592 est1)
813 539 902 592 nunc,
940 523 1108 594 quomodol

168 606 257 679 possit
272 607 333 663 fieri
350 606 428 664 Deus
444 610 536 664 homo.
571 607 676 664 Divina
700 609 774 664 enim
792 614 893 663 natura
912 613 940 663 et
955 606 1078 664 humana

168 711 225 749 non
244 700 361 765 possunt
378 695 409 749 in
432 693 551 748 invicem
573 693 687 758 mutari,
715 697 747 746 ut
770 691 864 747 divina
889 691 939 747 fiat
955 693 1079 748 humana

168 779 213 834 vel
232 780 353 833 humana
372 778 481 849 divina,
504 795 556 834 nec
580 778 621 832 ita
640 777 766 848 misceri,
788 783 821 832 ut
839 779 977 849 quaedam
994 779 1078 834 tertia

169 865 205 919 sit
224 882 258 919 ex
279 864 404 934 duabus,
424 880 496 935 quae
511 881 563 919 nec
580 862 674 918 divina
695 864 731 919 sit
747 863 857 919 omnino
877 881 928 918 neo
947 863 1077 918 humana.

167 949 298 1020 Denique
326 949 349 1003 si
376 948 436 1004 fieri
459 954 568 1019 posset,
595 957 627 1004 ut
651 949 740 1006 altera
757 951 787 1005 in
803 949 920 1004 alteram
936 949 1110 1005 converte-2

168 1040 259 1099 retur,
291 1039 341 1088 aut
359 1041 432 1089 esset
456 1040 566 1088 tantum
585 1033 663 1088 Deus
687 1041 714 1090 et
737 1052 794 1089 non
820 1035 904 1090 homo
922 1041 971 1089 aut
987 1034 1078 1090 solum

166 1120 249 1174 homo
269 1125 297 1174 et
313 1137 369 1175 non
386 1119 473 1177 Deus.
507 1121 567 1174 Aut
586 1119 610 1174 si
633 1119 815 1175 miscerentur
831 1121 884 1188 ita,
908 1126 940 1173 ut
959 1139 992 1176 ex
1009 1120 1076 1174 dua·

167 1206 221 1261 bus
238 1206 374 1276 corruptis
393 1205 472 1261 fieret
490 1206 628 1278 quaedam
649 1205 746 1275 tertia,
773 1206 1017 1283 (quemadmodum
1042 1206 1077 1261 de

168 1291 277 1347 duobus
294 1291 444 1346 individuis
462 1291 628 1346 animalibus
648 1290 820 1346 diversarum
832 1292 987 1362 specierum
1006 1307 1077 1346 mas·

168 1377 231 1431 culo
254 1383 283 1433 et
306 1377 411 1432 femina
435 1377 559 1432 nascitur
579 1375 704 1446 tertium,
732 1377 807 1449 quod
833 1393 883 1431 nec
902 1377 989 1448 patris
1007 1378 1076 1433 inte-

168 1479 248 1532 gram
264 1479 316 1518 nec
333 1463 429 1518 matris
450 1470 542 1519 servat
561 1467 700 1532 naturam,
720 1463 769 1517 sed
789 1481 822 1518 ex
834 1469 952 1536 utraque
965 1465 1077 1519 tertiam

168 1546 293 1616 mixtam)
322 1567 375 1606 nec
397 1549 479 1604 homo
502 1554 649 1604 essetnec
666 1547 752 1603 Deus.
787 1548 852 1604 Non
874 1550 960 1620 igitur
984 1544 1110 1621 potest3

167 1630 228 1688 fieri
246 1625 328 1689 homo
348 1634 442 1698 Deus,
463 1651 546 1706 quem
564 1632 723 1703 quaerimus
745 1647 778 1687 ex
796 1633 890 1687 divina
910 1642 937 1689 et
954 1634 1078 1690 humana

168 1724 277 1783 natura,
305 1725 354 1772 aut
371 1719 548 1774 conversione
566 1717 679 1771 alterius
704 1716 734 1770 in
757 1717 873 1772 alteram
897 1725 947 1772 aut
965 1737 1076 1790 corrup-

167 1803 226 1859 tiva
243 1803 437 1858 commixtione
459 1803 604 1873 utriusque
629 1802 659 1856 iu
681 1802 807 1871 tertiam3
832 1803 898 1874 quia
921 1804 991 1859 haec
1015 1801 1077 1859 fieri

167 1894 317 1962 nequeunt,
336 1895 385 1943 aut
403 1889 428 1942 si
444 1885 506 1943 fieri
523 1888 660 1958 valerent,
686 1887 755 1942 nihil
773 1885 881 1942 adhoc
901 1890 976 1959 quod
993 1907 1076 1961 quac·

166 1976 253 2030 rimus
277 1974 411 2029 valerent.
452 1971 482 2028 si
507 1979 600 2027 autem
623 1972 749 2046 quolibet
771 1974 853 2028 modo
878 1974 918 2028 ita
944 1975 1111 2047 coniungit

167 2062 298 2117 dicuntur
317 2059 371 2114 hae
389 2059 461 2112 duae
484 2064 600 2114 naturae
618 2059 759 2131 integrae,
786 2065 818 2113 ιιι
841 2063 934 2115 tamen
951 2061 1022 2114 alius
1041 2060 1077 2116 sit

166 2150 248 2203 homo
269 2147 341 2204 alius
362 2143 399 2200 sit
415 2143 502 2214 Deus,
520 2150 549 2198 et
566 2161 622 2199 non
640 2145 714 2200 idem
732 2146 768 2200 sit
785 2145 863 2201 Deus
881 2147 930 2218 qui
948 2145 1075 2217 ethome,

167 2234 337 2306 impossibile
355 2239 412 2299 est,
437 2236 470 2284 ut
494 2231 576 2286 ambo
594 2230 700 2286 faciant
720 2231 796 2301 quod
818 2230 878 2286 fieri
895 2249 1008 2288 necesse
1025 2239 1075 2288 est.

168 2317 241 2372 Nam
256 2317 334 2373 Deus
351 2334 408 2371 non
433 2314 519 2372 faciet
544 2316 610 2388 quia
634 2333 690 2372 non
712 2315 841 2382 debebit,
868 2325 896 2372 et
917 2318 1000 2373 homo
1019 2325 1108 2374 non5

168 2399 252 2454 faciet
269 2401 334 2472 quia
360 2419 416 2456 non
439 2399 555 2470 poterit;
581 2407 613 2455 ut
631 2418 697 2472 ergo
714 2400 767 2456 hoc
785 2400 872 2455 faciat
890 2403 968 2457 Deus
986 2403 1075 2473 homo,

167 2501 281 2543 necesse
298 2491 340 2540 est
357 2487 475 2541 eundem
501 2485 592 2556 ipsum
609 2501 670 2540 esse
689 2485 843 2568 perfectum
859 2485 952 2542 Deum
971 2492 1000 2544 et
1014 2507 1076 2559 per-

167 2569 273 2625 fectum
291 2569 440 2642 hominem,
465 2571 514 2641 qui
537 2570 609 2624 hanc
632 2569 849 2626 satisfactionem
872 2571 997 2627 facturus
1019 2580 1075 2646 est,

169 2655 300 2730 quoniam
321 2672 383 2710 eam
407 2657 501 2712 facere
522 2673 578 2711 non
602 2662 694 2726 potest
722 2655 777 2710 nisi
797 2673 879 2712 verus
903 2656 994 2730 Deus,
1021 2675 1075 2716 nec

169 2741 253 2796 debet
273 2740 327 2795 nisi
347 2756 428 2794 verus
454 2742 544 2797 homo.
579 2740 718 2806 Quoniam
741 2759 807 2814 ergo
831 2751 940 2799 servata
961 2744 1075 2818 integri·
1092 2743 1108 2794 6

167 2829 225 2883 tate
244 2827 390 2896 utriusque
415 2834 532 2882 naturae
555 2843 668 2884 necesse
686 2835 729 2884 est
745 2827 862 2885 inveniri
878 2831 970 2886 Deum
987 2831 1074 2888 homi-

166 2905 244 2981 nem,
268 2929 325 2966 non
343 2911 436 2986 ⁴minus
463 2929 575 2969 necesse
600 2919 642 2968 est
665 2913 715 2968 has
734 2915 803 2969 duas
819 2923 933 2973 naturas
952 2919 1073 2989 integras

167 2997 313 3053 convenire
337 2997 367 3050 in
390 3013 474 3052 unam
491 3015 652 3070 personam,
677 3001 908 3071 quemadmodum
926 3019 1026 3072 corpus
1047 3007 1075 3056 et

167 3082 260 3137 anima
296 3080 440 3138 rationalis
480 3084 648 3141 conveniunt
689 3085 718 3142 in
760 3105 847 3144 unum
890 3086 1073 3155 hominem32)

238 3311 263 3375 1)
280 3307 315 3362 In
334 3325 406 3364 omn
427 3307 514 3364 Oodd.
532 3309 578 3363 hic
594 3308 693 3381 incipit
709 3325 733 3364 c.
752 3316 775 3366 7.

237 3379 263 3444 2)
281 3376 337 3432 efr.
357 3377 518 3448 Symbolum
533 3378 692 3448 Quianam
711 3397 733 3433 s.
743 3376 970 3432 Athanasiaaam
988 3381 1019 3433 at
1032 3395 1073 3449 sq.
