2616 3826
363 315 694 376 mnnnsnomo
728 319 891 380 11.1r.1a
1037 326 1083 393 ⁶7
1119 369 1121 374 .

179 483 384 557 satisfaciendo,
411 493 443 542 ut
459 487 549 560 magis
566 505 596 545 sc
613 505 670 544 non
686 489 775 560 possit
792 490 878 546 dare?
913 493 981 547 Boc.
1018 493 1082 550 Non

179 574 222 624 est
240 570 346 642 aliqrrid
365 571 564 629 rationabilium
598 576 668 630 Am.
686 573 763 631 Nihil
781 581 874 632 autem
891 576 1016 648 asperim
1033 584 1083 634 aut
1098 581 1130 633 21

179 653 320 712 difficilius
344 664 437 729 potest
458 658 541 714 bomo
566 659 603 714 ad
626 659 758 716 honorem
782 659 837 718 Dei
859 667 958 732 sponte
973 667 1003 718 et
1025 680 1081 720 non

178 755 212 794 cx
233 741 326 798 debito
342 744 402 814 pati
420 761 503 816 quam
522 751 646 814 mortem,
662 751 691 802 ct
709 746 867 823 nullatenus
887 743 1008 816 seipsum
1020 753 1081 818 pot-

178 832 220 880 est
242 825 324 886 homo
348 829 439 902 magis
461 829 528 886 dare
544 829 619 899 Deo,
644 848 729 902 quam
750 847 814 886 eum
836 849 866 886 se
887 829 970 885 morti
993 830 1081 886 tradit
1196 839 1203 850 ⁸

175 909 213 962 ad
228 909 360 968 honorem
377 914 460 972 illins.
494 917 563 971 Boe.
602 916 677 973 Vera
699 923 764 971 sunt
786 916 879 970 omnia
898 915 975 971 haee.
1009 918 1079 972 Aac.
1097 917 1130 972 22

177 993 275 1052 Talem
293 1016 360 1070 ergo
378 1007 486 1070 oportet
503 1019 566 1057 eum
583 1018 657 1069 esse,
681 1000 730 1071 qui
752 1017 804 1070 pro
827 1006 943 1070 peccato
960 999 1079 1056 hominis
1098 989 1103 999 ’

175 1082 336 1138 satisfacere
358 1085 444 1155 volet,
465 1091 498 1140 ut
520 1086 589 1141 mori
611 1085 700 1157 possit
726 1085 849 1141 rivalis
883 1089 952 1142 Bor.
987 1086 1078 1143 Video
1096 1090 1129 1141 lt

175 1167 314 1224 hominem
331 1169 410 1224 illum
424 1171 517 1242 plane,
534 1187 618 1242 quem
635 1170 800 1243 quaerimus,
817 1171 901 1226 talem
920 1188 981 1228 esse
998 1187 1078 1242 opor-

100 1273 102 1276 *
175 1258 248 1324 tere,
277 1255 325 1325 qui
353 1272 404 1311 nee
432 1273 467 1312 ex
494 1257 662 1314 necessitate
691 1255 838 1326 moriatur,
871 1256 1002 1328 qnoniam
1025 1257 1078 1312 erit

174 1339 363 1410 omnipotens3
395 1359 448 1398 nee
481 1359 514 1398 ex
543 1342 650 1414 debito,
681 1343 747 1414 quia
777 1358 918 1412 nunquam
947 1346 1078 1414 peccator

173 1425 240 1494 erit;
259 1432 288 1483 et
303 1427 373 1482 mori
384 1427 473 1498 possit
484 1447 518 1484 ex
535 1429 623 1486 libera
640 1430 792 1498 voluntate,
811 1425 877 1499 quia
893 1426 1077 1482 necessarium

173 1510 232 1566 erit
267 1514 337 1568 Ana
372 1512 493 1570 suntet
519 1515 575 1570 alia
599 1515 703 1585 multa,
723 1532 773 1570 eur
795 1531 859 1569 eum
880 1511 961 1566 valde
978 1527 1076 1568 conve·
1093 1507 1128 1570 ²4

172 1595 232 1650 niat
255 1596 398 1652 hominnm
425 1599 632 1660 similitudinem
658 1607 688 1656 et
709 1597 944 1654 conversationem
970 1594 1076 1667 absque

171 1685 287 1750 peccato
308 1679 422 1751 habere,
447 1699 518 1752 qnae
540 1683 649 1737 facilius
678 1687 707 1738 et
733 1682 834 1737 clarius
857 1695 907 1750 per
932 1695 962 1734 sa
978 1685 1076 1748 patent

171 1764 202 1818 in
219 1764 278 1818 eius
295 1765 354 1819 vita
370 1772 399 1820 et
415 1767 559 1836 operibus,
584 1783 668 1838 quam
684 1768 761 1823 velut
777 1772 842 1822 ante
859 1763 1076 1834 experimentum

173 1849 233 1903 sola
260 1849 368 1904 ratione
398 1853 545 1906 monetari
574 1853 689 1922 possint.
745 1851 812 1917 eris
844 1847 918 1904 enim
947 1849 1074 1920 explicet,
1091 1849 1124 1901 25

171 1951 255 2006 quam
274 1936 442 2006 necessarie,
470 1953 553 2008 quam
578 1935 718 2008 sapienter
743 1936 848 1990 factum
871 1934 918 2004 sit,
927 1936 947 2002 ¹)
971 1940 1004 1988 ut
1027 1933 1074 1988 ille

171 2019 220 2090 qui
245 2018 368 2074 homines
390 2028 450 2078 erat
473 2022 648 2078 redemturus
670 2027 699 2076 et
721 2021 758 2076 de
776 2020 822 2074 via
844 2018 940 2074 mortis
964 2025 991 2074 et
1011 2035 1073 2089 per·

170 2105 282 2160 ditionis
301 2105 338 2160 ad
360 2105 434 2160 viam
458 2106 532 2161 vitae
555 2113 583 2163 et
602 2105 783 2163 beatitudinis
803 2110 931 2182 aeternae
948 2103 1073 2160 docendo

169 2193 343 2262 reducturus,
361 2209 425 2248 eum
442 2191 599 2248 hominibus
615 2198 822 2248 conversaretur
839 2196 868 2246 et
883 2190 912 2244 in
930 2188 992 2262 ipsa
1009 2205 1072 2244 con·

170 2279 336 2348 versatione,
363 2295 427 2333 cum
447 2294 494 2334 eos
511 2279 623 2336 doceret
641 2277 726 2334 verbo
745 2276 864 2348 qualiter
879 2275 972 2330 vivere
989 2273 1071 2328 debe·

170 2367 246 2428 rent,
269 2362 389 2432 seipsum
413 2365 568 2436 exemplum
592 2362 756 2433 praeberet?
792 2361 956 2430 Exemplum
978 2363 1071 2411 autern
1088 2350 1121 2400 ²⁶

171 2443 291 2512 seipsum
310 2449 447 2518 quomodo
465 2449 544 2504 daret
561 2447 676 2502 infirmis
688 2455 717 2502 et
728 2443 898 2513 mortalibus,
915 2450 947 2498 ut
957 2447 1071 2514 propter

170 2528 284 2582 iniurias
307 2539 356 2586 aut
379 2532 632 2589 contumeliaa'aut
655 2531 761 2587 dolores
785 2534 835 2585 ant
857 2533 972 2582 mortem
995 2527 1071 2581 aiu·

169 2615 247 2670 stitia
262 2632 318 2670 non
335 2619 505 2688 recederent,
532 2617 556 2670 si
582 2615 673 2686 ipsum
697 2617 766 2672 haec
787 2613 880 2670 omnia
894 2611 996 2670 sentire
1014 2629 1070 2667 uon

166 2701 367 2772 agnoscerent?

245 2874 315 2959 12·
363 2909 430 2961 Boc.
469 2877 569 2965 Omnia
591 2907 660 2972 haec
683 2909 809 2974 patenter
832 2901 981 2957 ostendunt
1004 2903 1099 2956 euml

164 2992 311 3046 mortalem
333 2998 361 3046 et
387 2991 799 3049 incommodorum'nostrorum
821 2986 986 3058 participem
1008 3000 1067 3039 esee

167 3083 301 3149 oportere.
338 3077 394 3132 Sed
415 3076 485 3132 haee
507 3077 600 3130 omnia
621 3074 746 3148 miseriae
761 3077 870 3128 noemae
888 3078 966 3139 runt3
988 3079 1088 3123 num·‘

165 3163 233 3233 quid
250 3179 317 3236 ergo
334 3162 418 3217 miser
435 3162 506 3217 erit?
540 3163 610 3216 Aac.
643 3161 839 3232 Nequaquam
861 3173 925 3212 nam
939 3155 1011 3209 sicut
1028 3153 1098 3208 adl

233 3373 387 3440 llfcctcm
403 3375 443 3423 eet
459 3363 566 3432 Aabe
583 3365 608 3421 B
625 3363 660 3421 Da
757 3377 761 3386 ’
871 3451 907 3501 5*
