2616 3826
197 311 240 378 84
382 310 409 368 S.
429 311 600 382 ausum
617 311 925 382 uuuwaaluuffls

197 484 334 552 Quonam
355 482 527 540 uoluntatem
549 479 699 552 benessio
720 498 767 538 me
790 459 904 554 gerere,
930 484 1005 556 quod
1028 485 1101 556 petis

196 588 253 628 non
271 570 395 640 deneget
419 566 469 624 aed
492 565 560 638 quie
577 565 612 622 de
629 565 730 622 fumus
747 567 868 624 insertus
889 587 963 638 sum,
986 570 1101 641 promit·

146 663 179 716 ³5
196 662 265 714 tere,
279 672 336 711 non
361 652 451 710 audeo
475 651 524 710 sed
551 651 605 707 Dei
631 651 804 721 dispositioni
830 652 1004 718 oommitto.¹)
1042 654 1102 712 Sed

197 743 243 800 us
268 759 356 808 nune,
380 737 449 810 quid
478 737 532 795 tibi
560 736 596 792 de
622 738 784 808 quaestione
810 755 894 810 quam
917 738 947 792 in
963 739 1102 814 principio

196 825 377 900 proposuisti,
406 829 520 895 propter
548 837 632 894 qnam
660 822 732 878 aliae
748 824 853 880 multae
871 841 900 880 se
916 824 1120 896 ingessernnt‚'

145 913 179 973 ³6
196 911 408 986 pensolnondum
431 908 566 964 videatur.
603 911 671 965 Boe.
707 908 820 976 Summa
845 910 1013 982 quaestionis
1037 911 1101 980 fuit,

195 1011 245 1054 eur
264 996 342 1055 Deus
358 993 440 1050 home
458 991 550 1048 iaetus
567 992 618 1063 sit,
633 997 666 1048 ut
682 1011 733 1065 per
751 1001 866 1059 mosten
885 1013 964 1053 snam
981 997 1102 1054 salvaret

194 1081 349 1148 hominem,
371 1095 434 1134 enm
456 1077 513 1136 boe
535 1077 590 1134 alio
615 1080 698 1133 modo
715 1080 947 1150 potuissemus
964 1081 1099 1138 videatur.

144 1167 177 1219 37
194 1167 243 1225 Ad
260 1183 344 1238 quam
362 1163 507 1221 tumultis
533 1167 562 1218 et
578 1154 910 1237 necessariis-rationibus
928 1167 1100 1236 respondens

148 1285 171 1292 ι’
195 1250 342 1308 ostmdisti
379 1249 608 1311 rmtaurationem
640 1250 777 1322 humanae
813 1256 931 1306 naturae
962 1242 1018 1306 non
1051 1252 1112 1308 ue

194 1335 287 1394 ussisse
309 1350 450 1392 remanere
472 1351 525 1390 neo
548 1336 672 1406 potuisse
698 1335 771 1406 fieri,
796 1336 851 1390 nisi
874 1337 994 1394 solveret
1015 1337 1098 1392 homo

194 1421 270 1493 qnod
292 1437 343 1491 pre
365 1425 480 1491 peceato
501 1420 563 1476 Deo
588 1420 721 1491 debebat3
745 1421 822 1492 qnod
844 1421 969 1477 debitum
989 1427 1098 1481 tantum

195 1512 268 1576 sset,
286 1505 420 1574 utillud,
438 1521 501 1564 eum
519 1523 575 1562 non
592 1505 706 1562 deberet
723 1504 829 1562 solvere
846 1505 901 1560 nisi
919 1506 1014 1577 homo,
1041 1521 1097 1564 non

194 1598 288 1663 posset
312 1590 366 1647 nisi
383 1590 476 1660 Deus3
500 1591 541 1646 ita
562 1597 595 1648 ut
607 1591 690 1651 :idem
707 1596 781 1646 esset
798 1590 880 1658 bomo
899 1591 948 1664 qui
967 1593 1097 1650 et··Dens.

143 1683 177 1735 38
193 1677 277 1735 Unde
298 1692 412 1734 neeesse
435 1683 493 1735 erat
516 1681 549 1732 ut
565 1676 643 1732 Deus
664 1682 817 1732 assumeret
835 1677 975 1734 hominem
992 1679 1021 1734 in
1037 1679 1098 1734 uni·

193 1767 279 1826 tatem
293 1779 444 1835 personae,
470 1769 607 1832 quatenns
624 1762 673 1834 qui
690 1761 719 1816 in
736 1770 837 1820 natura
852 1765 959 1820 solvere
977 1764 1098 1822 debebat

142 1855 176 1907 39
194 1851 223 1904 et
241 1865 297 1904 non
320 1851 445 1916 poterat,
465 1847 494 1900 in
517 1863 637 1917 persona
653 1852 727 1902 esset
744 1865 815 1918 quae
832 1856 934 1919 posset.
968 1850 1098 1922 Denique

194 1931 260 2002 quia
282 1932 318 1987 de
335 1931 453 2002 Virgine
477 1939 505 1986 et
529 1949 551 1990 a,
568 1949 687 2003 persone
703 1932 769 1988 Filii
786 1933 840 1990 Dei
865 1941 939 1990 esset
957 1945 1097 1992 assumen-

80 2013 89 2030 '
194 2015 246 2070 dus
269 2015 350 2070 homo
371 2015 435 2084 ille,
459 2015 507 2085 qui
531 2015 609 2076 Deus
635 2023 722 2086 esset3
749 2023 777 2072 et
797 2020 935 2087 quomodo
957 2020 1016 2076 sine
1033 2039 1096 2092 pec·

193 2103 256 2156 cato
283 2099 328 2154 de.
345 2116 439 2178 mussa
461 2101 618 2170 peeeatm'ee
644 2101 747 2154 assumi
763 2101 901 2172 potuen't‚
929 2105 1096 2160 monstrasti.

140 2192 175 2244 40
192 2183 288 2240 Vitam
314 2188 407 2239 eutem
430 2183 512 2240 huius
537 2183 656 2242 hominis
682 2191 739 2240 tem
758 2186 904 2242 sublimem
920 2194 978 2243 tam
995 2189 1096 2260 pretio·

193 2287 252 2328 eam
275 2268 447 2342 apertissime
470 2269 608 2342 probasti,
632 2275 665 2326 nt
681 2269 815 2336 ,sufficere
830 2273 918 2343 possit
935 2274 972 2328 ad
989 2275 1096 2332 flolvffl„
1205 2299 1209 2306 -

193 2357 262 2412 dum,
286 2355 361 2427 quod
385 2373 436 2427 pro
461 2355 583 2427 pennatis
606 2356 692 2412 totius
713 2358 809 2414 mundi
833 2358 961 2430 debetur,
986 2367 1014 2416 et
1031 2361 1095 2432 plue

192 2442 222 2496 in
239 2441 384 2498 minim.
422 2442 521 2498 Restat
538 2458 605 2515 ergo
628 2461 703 2500 nune
721 2445 877 2514 ostendere,
894 2447 1030 2516 quomodo
1046 2447 1095 2504 illa

191 2527 312 2582 solvatur
330 2527 391 2584 Deo
408 2545 460 2598 pro
477 2530 600 2599 peoeatis
617 2528 767 2585 hominnm.

262 2903 286 2969 1)
310 2899 482 2966 Retraetavit
503 2901 576 2956 hane
599 2903 744 2958 materiem
768 2904 795 2960 S.
813 2905 962 2961 Anselmns
980 2907 1092 2964 biennio

189 2969 275 3026 ferme
292 2974 356 3041 post
373 2968 403 3023 in
420 2964 499 3039 libro,
517 2987 599 3052 quem
617 2977 670 3042 „de
688 2982 820 3042 concepto
836 2974 974 3043 oirpinola'
993 2986 1020 3031 et
1037 2979 1093 3032 ort·

189 3041 283 3108 pinati
293 3045 427 3160 faceat&
451 3039 614 3110 insumptum
640 3042 677 3096 ad
698 3041 835 3098 Bosonem
856 3043 956 3109 direxit
975 3046 1091 3113 (Gerbo-

188 3127 243 3162 ron
263 3107 291 3163 fo
306 3151 312 3163 .
330 3113 361 3164 97
384 3107 448 3179 uqi),
475 3114 503 3164 et
546 3110 639 3168 uidem
669 3111 709 3164 ita
758 3116 790 3183 ut
816 3112 907 3166 Deum
934 3113 1092 3168 monstrarit

189 3177 272 3232 etiam
296 3177 330 3232 de
353 3176 514 3258 peceatrieis
563 3179 661 3250 irginis
684 3150 851 3250 substantia,
878 3183 1009 3253 qnoniam
1026 3199 1091 3236 nus·

188 3263 272 3316 quam
297 3247 383 3300 sitm
404 3246 522 3300 hominis
546 3251 646 3302 natura
668 3255 779 3328 praeter
802 3251 973 3304 voluntatem
992 3266 1090 3321 pecea-

187 3321 255 3383 tum,
271 3314 377 3396 prolem
396 3315 525 3371 debuisse
543 3316 658 3385 iustam,
674 3333 730 3372 1mo
749 3335 805 3372 non
823 3318 876 3372 nisi
894 3318 1009 3388 iustam,
1027 3328 1091 3390 pio·

187 3389 336 3456 pagauone
353 3400 409 3439 nen
427 3385 548 3442 naturali
564 3387 724 3457 predneere.
777 3426 795 3454 ,.
