2616 3826
122 264 164 328 92
285 261 314 320 s.
331 223 503 318 Ausnmfl
524 259 554 316 c.
571 259 608 314 ι).
625 259 661 313 u.
697 257 734 314 11.
755 263 797 315 n.
818 263 859 315 n.

84 430 304 499 emoriuntur,
337 430 403 502 quia
432 429 634 487 rationabiliter
665 429 810 502 decipitur.
856 428 937 493 Quod
966 443 1022 484 non

118 517 194 585 diso,
226 516 305 588 quasi
330 515 451 588 pretium
478 515 575 573 mortis
598 516 657 571 eius
683 516 810 574 omnibus
832 511 976 570 hominum
995 519 1037 578 et,

115 601 279 674 angelorum
312 600 435 672 peccatis
464 616 516 654 sua
544 599 737 670 magnitudine
768 617 825 656 non
854 600 1023 672 praevaleat,

116 687 315 760 sedquoniam
337 686 507 758 perditorum
531 683 693 757 angelorum
716 685 1022 742 relevatiouimuta·

117 773 182 830 bilis
199 774 270 830 ratio
287 776 433 844 repugnat.

84 959 96 1010 1
194 928 261 1014 22·
310 961 379 1014 Bos.
407 957 596 1036 Rationabilia
618 965 646 1013 et
664 959 765 1031 quibus
782 957 851 1013 nihil
869 958 1023 1014 contradici

116 1046 220 1117 possit,
248 1061 319 1116 quae
346 1044 416 1099 diois
443 1043 536 1098 omnia
561 1043 629 1098 milri
654 1045 801 1117 videntur;
827 1050 856 1099 et
871 1061 921 1114 per
940 1044 1022 1100 unius

117 1131 286 1204 quaestionis
310 1147 393 1202 quam
417 1129 611 1201 proposuimus
633 1130 811 1193 solutionem,
838 1127 974 1200 quidquid
993 1129 1022 1183 in

115 1234 188 1272 novo
218 1215 359 1287 veterique
385 1215 563 1270 Testamenta
591 1216 749 1272 continetur
770 1214 919 1287 probatum
943 1214 1021 1269 intel·

81 1305 97 1355 2
115 1303 180 1374 ligo.
216 1301 286 1356 Cum
307 1301 381 1356 enim
405 1301 445 1356 sic
462 1300 564 1371 probes
581 1301 673 1356 Deum
690 1301 750 1357 fieri
769 1301 957 1356 hominemex
974 1315 1021 1354 ns·

115 1387 254 1455 cessitate,
271 1392 303 1440 ut
323 1385 448 1441 etiamsi
467 1392 659 1441 removeantur
675 1404 767 1457 pauca
786 1403 858 1458 quaa
873 1386 908 1440 de
919 1379 1021 1440 nostris

115 1472 194 1526 libris
219 1471 336 1543 posuisti
363 1473 405 1538 (ut
432 1471 507 1543 quod
533 1472 568 1527 de
593 1471 682 1528 tribus
711 1471 835 1543 personis
853 1470 908 1526 Dei
933 1477 962 1527 et
986 1472 1021 1527 de

113 1545 207 1612 Adam
228 1556 358 1629 tetigisti)
382 1573 439 1610 non
464 1557 554 1613 solum
576 1559 688 1614 Iudaeis
714 1560 765 1614 sed
791 1555 875 1613 etiam
897 1555 1021 1628 Paganis

114 1645 174 1699 sola
191 1642 300 1698 ratione
318 1641 490 1712 satisfaciam
510 1647 538 1698 et
557 1643 616 1716 ipse
635 1644 710 1700 idem
720 1645 799 1701 Deus
819 1643 1021 1698 homanorum

115 1730 219 1785 condat
235 1733 431 1784 testamentum
451 1733 478 1782 et
495 1732 575 1783 vetas
596 1731 746 1800 approbet:
775 1729 848 1786 siout
865 1729 957 1799 ipsum
974 1745 1021 1784 va

114 1831 207 1870 racem
226 1830 287 1868 essa
303 1827 417 1868 necesse
439 1818 481 1867 est
503 1813 651 1883 confiteri‚.
667 1815 708 1869 ita
732 1814 802 1869 nihil
825 1813 901 1885 quod
918 1812 948 1867 in
965 1811 1020 1866 illis

79 1901 287 1968 3oontinstur,
323 1913 420 1952 verum
448 1913 508 1952 esse
538 1903 631 1968 potest
660 1898 761 1970 aliquis
787 1889 915 1954 diffiteri.
950 1899 1019 1952 Ana.

114 1985 230 2057 siquid
250 1983 368 2038 diximus
397 1982 472 2052 quod
494 1983 688 2054 corrigendum
706 1984 756 2053 ait,
779 2001 841 2038 non*
858 2000 945 2038 renuo
961 1999 1020 2038 eor·

112 2070 276 2136 rectionem,
300 2068 324 2120 si
340 2065 543 2120 rationabiliter
559 2067 598 2122 fit
641 2067 670 2123 Si
688 2073 782 2122 autem
798 2067 955 2123 testimonio
973 2083 1019 2124 ve-

111 2153 203 2209 ritatis
227 2152 389 2220 roboratur,
415 2151 490 2221 quod
513 2167 564 2205 nos
585 2151 788 2206 rationabiliter
811 2152 952 2206 invenisse
974 2170 1019 2208 ex·

112 2240 280 2304 immamus,
304 2235 366 2292 Deo
389 2252 445 2289 non
464 2235 544 2290 nobis
562 2235 713 2292 attribuere
731 2234 879 2308 debemus,
903 2237 958 2303 Qui
977 2245 1020 2294 est

113 2327 277 2382 benedictus
294 2324 324 2377 iu
341 2322 460 2378 saecula
497 2321 596 2377 Amen.
