2616 3826
457 334 676 393 PRAEFATIO
694 333 883 394 merrom&
1053 364 1056 374 ·
1107 337 1151 380 V¹1

192 503 274 571 haec
295 504 362 572 fere
382 513 457 574 sunt
478 525 562 589 quae
587 505 766 592 praefanda
788 527 860 576 esse
882 505 1060 574 videantur.
1102 504 1153 571 Ac

191 590 328 674 primum
371 591 500 675 quidem
532 591 777 676 investigemus,
824 591 1015 677 quibusnam
1050 593 1153 658 coceio

190 675 324 742 internis
354 677 535 744 externisve
564 677 721 742 adductus
742 677 779 742 A.
802 677 956 763 scriptum
978 675 1057 742 illud
1078 695 1151 741 con·

191 759 311 826 fecerit.
355 762 426 826 Iam
446 763 594 828 Priorem
610 763 815 848 Beccensem,
841 761 1017 848 perfidem
1039 760 1081 826 ad
1104 759 1151 826 iu-

116 879 117 882 *
191 845 354 911 tellectum
387 847 588 930 proficiendi,
610 846 803 932 studiosum,
835 849 901 914 vim
931 847 1152 930 rationemque

191 931 302 996 mortis
325 931 444 996 Christi
472 932 613 998 vicariae
643 969 687 980 —-
715 953 757 998 ex
782 953 846 1016 qna
871 932 991 1017 pendet
1011 929 1153 996 hnmana

192 1015 287 1080 salus-
303 1053 344 1062 -
365 1022 471 1081 mente
494 1017 651 1101 agitasse,
673 1024 762 1102 patet
784 1038 825 1084 ex
846 1017 986 1100 Dialogo
1008 1016 1068 1100 „de
1090 1015 1151 1080 Ve-

191 1099 286 1165 ritate
294 1098 324 1184 ,“
350 1101 440 1166 cuius
467 1102 557 1186 origo
585 1102 619 1168 in
640 1121 759 1169 annum
781 1103 906 1168 circiter
931 1101 1013 1166 1065
1034 1105 1084 1166 est
1103 1119 1152 1164 re·

191 1183 340 1270 serenda,
368 1187 520 1270 cuiusque
541 1186 703 1271 incapite
724 1193 838 1254 octavo
861 1191 1018 1271 quatenus
1038 1184 1153 1253 eadem

191 1289 243 1336 res
264 1268 380 1336 debere
407 1291 480 1337 esse
505 1277 538 1338 ct
558 1292 622 1337 non
644 1292 717 1338 esse
739 1272 935 1356 edisserens,
965 1270 1049 1336 inter
1070 1270 1153 1336 alia:

191 1355 368 1439 „Dominus
390 1355 497 1441 Iesus,
518 1356 636 1440 inquit,
667 1358 743 1441 quia
770 1359 857 1424 solus
889 1357 1043 1424 innocens
1073 1360 1153 1440 erat,

191 1460 255 1506 non
284 1440 394 1507 debuit
421 1447 555 1506 mortem
581 1441 652 1527 pati
682 1463 744 1508 nec
771 1444 855 1508 ullus
880 1461 952 1508 eam
974 1441 1022 1508 illi
1043 1439 1155 1506 debuit

191 1524 325 1610 inferre,
355 1532 521 1592 ettamen
550 1547 622 1592 eam
652 1526 761 1592 debuit
791 1527 877 1612 pati,
905 1527 981 1611 quia
1009 1524 1080 1610 ipse
1102 1545 1154 1592 sa-

190 1611 318 1758 pienter
347 1616 380 1676 et
405 1611 544 1694 benigne
571 1620 604 1677 et
632 1612 752 1678 utiliter
773 1612 874 1678 voluit
895 1631 968 1676 eam
989 1603 1154 1676 sufferre.“

208 1716 230 1759 n
251 1693 388 1759 lectione
410 1700 518 1759 autem
539 1704 667 1778 patrum
693 1697 850 1761 ecclesiae
872 1695 990 1762 veteris
1012 1691 1163 1780 (Hilarii,

191 1777 366 1861 Arnbrosii,
387 1778 575 1863 Augustini,
597 1780 714 1845 Leonis
734 1781 787 1863 M,
811 1780 960 1862 Gregorii
979 1779 1023 1842 M.
1046 1777 1112 1862 all.)
1125 1777 1153 1862 ¹)

191 1881 384 1946 —quorum
404 1869 479 1946 post
500 1882 525 1928 s.
541 1863 705 1948 apostolos
726 1883 787 1930 nec
807 1884 904 1930 voces
926 1862 1018 1936 flocci
1032 1882 1154 1947 pepen-

105 2001 110 2018 ,
191 1945 238 2012 dit
260 1953 292 2011 et
309 1947 450 2046 vestigia
470 1947 524 2032 pie
539 1947 667 2014 'studuit
688 1969 833 2033 premere
846 1986 890 1996 —
904 1968 1002 2032 quum
1023 1946 1154 2014 scholae

190 2032 411 2098 monasteriali
430 2033 635 2132 praepositus
655 2034 789 2100 multum
809 2035 955 2118 sudaret,
989 2032 1030 2098 de
1051 2032 1153 2099 notio·

189 2117 284 2184 nibus
310 2116 516 2184 redemtionis
548 2124 582 2183 et
610 2119 879 2186 reconciliationis
906 2118 1036 2186 invenit.
1055 2138 1153 2201 expo·

191 2201 269 2280 sita,
297 2203 331 2266 in
353 2203 467 2285 quibus
494 2203 556 2268 sibi
577 2223 640 2268 non
660 2204 928 2288 acquiescendum
949 2223 1021 2270 esse
1043 2203 1153 2268 existi-

114 2349 121 2374 ,
190 2288 300 2354 mavit.
358 2287 514 2366 Quamvis
549 2287 634 2354 enim
666 2309 777 2356 omnes
813 2289 888 2354 inde
920 2290 961 2355 ab
996 2285 1153 2353 ecclesiae

190 2371 374 2454 primordiis
406 2379 506 2438 testes
537 2373 584 2438 illi
615 2372 760 2440 veritatis
796 2373 946 2458 sanguini
975 2371 1153 2438 Salvatoris

191 2473 255 2520 non
276 2456 439 2540 potuerint
466 2457 533 2524 vim
561 2477 645 2542 quae
674 2457 705 2524 ei
732 2458 867 2524 debetm
897 2455 1154 2543 propitiatoriam

167 2546 231 2603 ¹ac
259 2541 507 2608 satisfactorium
539 2562 603 2608 non
632 2543 822 2628 attribuere,
851 2542 911 2608 bos
938 2548 1048 2606 tamen
1075 2559 1153 2624 prae

192 2623 266 2690 aliis
287 2625 364 2691 fidei
386 2627 530 2692 articulis
558 2627 810 2694 instituendam
832 2651 940 2694 cousus
961 2625 1153 2692 incarnatio-

191 2708 243 2774 nis
262 2715 295 2773 et
315 2711 476 2795 passionis
500 2710 619 2776 Christi
646 2733 706 2797 per
726 2712 926 2794 eundemque
949 2716 1154 2795 comparatae

121 2876 123 2880 Ι
192 2792 331 2860 humano
352 2797 465 2878 generi
493 2795 609 2863 salutis
628 2799 754 2861 nedum
774 2797 980 2881 inquisitione
1002 2801 1155 2862 accurata

1 3052 3 3063 Ι
96 3047 97 3051 ¹
194 2981 284 3036 dieser
302 2979 466 3052 Beziehung
483 2983 568 3038 reden
588 2983 665 3050 lieet,
682 2999 758 3036 musa
776 2999 842 3036 man
853 2978 1155 3038 unsernScholastiker

194 3050 235 3103 als
264 3051 318 3106 den
347 3057 439 3104 ersten
464 3051 505 3105 Be
540 3052 628 3106 iinder
656 3051 803 3106 desselben
830 3050 1002 3106 benachten.
1029 3081 1062 3087 —
1090 3047 1155 3104 Von

193 3119 290 3174 keiner
313 3119 404 3173 seiner
427 3118 503 3174 Sch'
546 3140 565 3174 n
590 3121 660 3174 lieet
685 3119 744 3175 sich
769 3136 799 3174 so
822 3119 886 3173 sehr
908 3120 1078 3188 behaupten,
1102 3113 1155 3171 wie
1256 3131 1258 3136 ·

193 3204 249 3241 von
274 3189 328 3243 den
346 3187 405 3241 ΒΒ.
425 3185 481 3242 Cur
499 3187 576 3243 Deus
593 3189 698 3258 Homo,
724 3187 789 3242 dass
813 3187 853 3250 sie
876 3188 923 3243 fiir
941 3189 985 3242 die
1002 3189 1155 3258 gesammte

192 3257 648 3396 gKgpgllzlcmglrupslpt‘genagen'und
666 3257 753 3313 ibrem
772 3256 914 3314 innareten
923 3257 1015 3312 Leton
1032 3271 1068 3309 zu
1080 3252 1158 3310 Geta

267 3416 291 3478 1)
310 3411 384 3468 Vide
404 3410 432 3468 S.
450 3411 520 3466 Ans.
538 3411 736 3480 Epmtolarum
755 3410 818 3466 Lib.
836 3411 888 3480 IV,
907 3415 965 3467 106.
1057 3445 1059 3450 ,
