2616 3826
390 331 466 390 CUR
482 331 584 390 DEUS
603 333 720 390 HOMO.
756 333 838 392 1:18.
861 341 901 392 19.
1050 333 1092 400 39

188 519 317 576 possum3
345 505 393 559 sed
419 521 529 560 sensum
556 520 649 560 eorum
672 503 712 558 ita
736 503 860 575 cogitare
875 515 997 574 nequeo,
1020 503 1092 557 sicut

189 589 339 644 falsitatem
356 571 412 644 adn
435 607 548 660 possum
571 589 727 660 inteiligere
750 588 895 644 veritatem
918 593 986 645 esse.
1021 589 1090 641 Am.
1110 591 1126 642 6

189 676 253 732 Non
268 676 349 730 decet
372 672 561 746 ergoDeum,
583 673 722 729 hominem
745 680 906 744 peccantem
928 673 988 728 sinc
1013 673 1091 728 satis-

188 760 309 815 factione
336 761 373 814 ad
399 760 627 816 restaurationem
651 760 813 830 angelorum
840 775 980 814 assumere
1000 758 1091 828 perdi-

188 854 296 914 torum3'
312 845 443 917 quoniam
459 863 515 901 non
533 845 639 916 patitur
650 845 752 900 veritas
766 861 828 900 eum
846 843 932 899 levari
943 843 980 898 ad
991 857 1093 914 acqua-

188 932 296 986 litatem
314 931 466 986 beatorum.
476 931 496 997 ¹)
531 932 599 984 Bos.
617 930 662 986 Sic
679 929 800 984 ostendit
817 929 896 985 ratio.
932 931 1001 984 Am.
1023 928 1126 984 Con-7

192 1017 283 1073 sidera
302 1017 385 1072 etiam
404 1016 434 1069 in
452 1015 510 1070 solo
528 1014 638 1070 homine
656 1014 720 1078 sine¹
731 1015 784 1069 hoc
804 1015 898 1087 quia2)
915 1014 998 1070 debet
1010 1031 1093 1086 ange

190 1100 225 1154 lis
243 1102 365 1172 aequari,
384 1106 477 1155 utram
494 1117 557 1156 eum
573 1100 666 1154 taliter
677 1100 755 1155 Deus
772 1101 809 1156 ad
832 1099 1033 1156 beatitudinem
1052 1099 1094 1152 ul·-

191 1184 247 1238 lam
272 1184 317 1240 vel
333 1184 430 1255 talem,
456 1186 566 1257 qualem
583 1185 705 1241 habebat
722 1191 871 1257 antequam
887 1191 1027 1257 peccaret,
1048 1185 1094 1239 ds·-

190 1269 256 1325 beat
280 1270 451 1341 provehere?
498 1273 565 1325 Bor.
600 1271 655 1325 Dic
678 1277 710 1325 tu
736 1271 811 1342 quod
840 1271 961 1342 cogitas,
986 1276 1015 1325 et
1041 1286 1093 1341 ego

190 1355 371 1411 considerabo
393 1361 476 1426 prout
497 1361 601 1425 potero.
637 1359 706 1411 Aac.
743 1356 881 1412 Ponamus
908 1355 1022 1412 divitem
1045 1355 1130 1410 ali-8

190 1458 272 1513 quem
291 1441 320 1495 in
337 1457 422 1496 manu
441 1447 535 1496 tencre
552 1441 731 1512 margaritam
748 1442 905 1512 pretiosam,
924 1457 1008 1514 quam
1025 1455 1095 1496 nan-

190 1543 273 1598 quam
298 1527 417 1598 pollutio
440 1527 499 1581 ulla
521 1527 615 1598 tetigit
640 1541 779 1599 quamque
801 1527 894 1581 nullus
918 1528 988 1582 alius
1008 1528 1097 1598 possit

190 1627 317 1667 amovere
344 1613 379 1668 de
406 1629 489 1668 manu
514 1613 574 1668 eius
597 1611 652 1666 nisi
676 1611 737 1682 ipso
764 1611 954 1682 permittentc;
981 1618 1009 1668 et
1033 1629 1095 1668 eam

192 1695 321 1766 disponat
345 1696 546 1760 reconderein
567 1697 728 1750 thesaurum
752 1713 846 1765 suum,
869 1697 919 1750 ubi
944 1704 1010 1752 sunt
1031 1697 1096 1752 cha-

190 1781 300 1836 rissima
321 1789 349 1836 et
368 1782 568 1852 pretiosissima
584 1799 655 1852 quae
672 1781 804 1853 possidet.
839 1785 908 1835 Bos.
927 1780 1026 1852 Oogito
1042 1781 1095 1836 hoc

191 1866 268 1921 velut
285 1873 350 1922 ante
371 1885 429 1923 nos.
463 1870 533 1922 Aac.
569 1867 657 1937 Quid,
683 1869 707 1922 si
730 1868 789 1938 ipse
813 1869 956 1938 permittat
979 1870 1130 1925 eandem9

190 1953 369 2024 margaritam
395 1953 544 2026 abaliquo
575 1953 670 2008 invido
696 1952 787 2009 excuti
816 1954 851 2010 de
881 1971 965 2009 manu
991 1969 1042 2009 sna
1066 1956 1096 2010 in

190 2053 322 2114 coenum,
353 2054 417 2092 cum
447 2038 595 2112 prohibere
621 2039 752 2111 possit;³)
781 2055 813 2095 ac
844 2045 942 2112 postea
972 2057 1033 2098 eam
1061 2041 1097 2096 de

189 2139 276 2178 coeno
300 2141 410 2178 sumens
429 2122 564 2192 pollutam
587 2127 615 2179 et
637 2141 693 2180 non
715 2125 801 2181 lotam
819 2125 849 2180 in
865 2127 987 2198 aliquem
1003 2126 1096 2182 locum

190 2226 271 2263 suum
289 2209 424 2268 mundum
441 2212 469 2262 et
488 2208 610 2278 charum,
628 2209 758 2281 deinceps
777 2212 853 2266 illam
874 2213 914 2267 sic
926 2217 1097 2283 servaturas,

189 2295 338 2350 recondat:
366 2292 515 2365 putabisne
538 2293 617 2347 illum
642 2295 814 2365 sapientem?
849 2300 916 2352 Bos.
953 2297 1096 2360 Quomodo
1117 2302 1148 2352 10
1251 2285 1252 2288 ¹
1301 2369 1302 2378 ἵ

191 2378 244 2433 hoc
262 2379 393 2450 possum?
419 2394 484 2432 nam
500 2395 592 2433 nonne
610 2387 682 2434 essct
702 2381 769 2434 satis
788 2381 895 2448 melius,
913 2387 945 2434 ut
963 2379 1096 2450 margari-

191 2466 250 2515 tam
270 2481 349 2518 suam
365 2462 498 2517 mundam
522 2467 629 2518 teneret
653 2469 682 2518 et
701 2471 823 2520 servaret
840 2481 923 2536 quarn
939 2464 1095 2535 pollutam?

193 2547 263 2600 Aac.
296 2548 395 2604 Nonne
410 2547 536 2602 similiter
553 2547 658 2614 faceret
676 2549 768 2618 Deus,
792 2550 840 2621 qui
856 2549 993 2606 hominem
1011 2567 1096 2622 ange-
1118 2555 1147 2606 11

192 2629 227 2684 lis
253 2631 416 2688 sociandum
438 2633 498 2690 sine
520 2637 637 2704 peccato
662 2633 741 2703 quasi
764 2633 794 2687 in
816 2649 900 2688 manu
917 2651 968 2690 sua
985 2637 1099 2692 tenebat

193 2715 223 2769 in
249 2717 381 2787 paradiso
408 2726 436 2774 et
462 2719 594 2790 permisit,
621 2724 653 2772 ut
679 2735 812 2773 accensus
837 2719 943 2775 invidia
969 2720 1097 2776 diaboim

194 2818 261 2880 eum
276 2801 305 2855 in
324 2801 413 2858 lutum
437 2805 545 2875 peccati
568 2803 694 2876 quamvis
712 2804 929 2860 consentientem
946 2806 1098 2863 deiiceret?

195 2887 224 2944 Si
242 2887 315 2942 enim
337 2887 484 2958 prohibere
506 2889 591 2946 veliet
618 2889 770 2958 diabolum,
792 2906 849 2944 non
874 2899 969 2962 posset
990 2897 1098 2948 tentare

192 2969 340 3026 hominem.
376 2970 482 3044 Nonne,
500 2975 622 3047 inquam,
643 2977 768 3032 similiter
787 2977 900 3047 iaceret,
917 2978 941 3032 si
957 2977 1097 3032 hominem
1118 2975 1149 3026 12

192 3057 302 3126 peccati
340 3055 421 3141 sorde
456 3061 625 3116 maculatum
661 3061 720 3117 sinc
751 3062 826 3117 omni
849 3062 996 3118 lavatione
1025 3060 1043 3115 i.
1072 3077 1096 3117 e.

264 3247 289 3312 1)
309 3247 451 3299 beatorum
469 3245 551 3302 Abc
567 3245 800 3302 Banasa·
817 3249 948 3302 bononem
965 3246 1021 3302 Aa
1038 3247 1097 3303 ab.

262 3316 288 3382 2)
307 3316 367 3368 aino
385 3315 437 3368 too
455 3315 539 3384 qaia:
557 3331 629 3370 omn.
647 3315 754 3371 codd·

262 3387 290 3450 3)
308 3383 353 3438 Ita
369 3401 441 3438 omn.
461 3383 548 3438 Codd.
