2616 3826
219 297 262 367 pe
396 296 424 352 s.
442 295 614 354 nusum
629 295 939 358 mammenus

218 464 315 523 honori
327 471 347 524 ¹l
376 465 475 537 nequit
503 465 626 536 aliquid,
660 473 795 538 quantum
824 468 861 522 ad
890 469 969 524 illurn
995 471 1126 540 pertinet,

219 553 286 608 addi
305 553 350 608 vel
375 552 470 606 minui,
506 551 585 607 Idem
610 569 731 622 namque
753 554 814 623 ipse
839 554 893 609 sibi
915 553 1002 609 bonor
1025 563 1069 611 est
1084 555 1126 611 in·

220 638 406 709 eorruptibilis
433 644 462 692 et
478 638 555 692 nullo
581 637 664 691 niodo
688 637 838 692 mutabilis.
884 639 989 695 verum
1012 642 1126 712 quando

222 739 407 796 unaquaeque
425 728 553 777 ereatura
571 739 653 776 suum
675 729 704 776 et
721 723 801 794 qussi
817 723 871 778 sibi
887 733 1067 795 praeceptum
1084 742 1128 782 or·

221 810 314 865 dinem
339 810 399 864 sire
424 807 590 863 naturaliter
616 807 674 863 sive
700 809 902 864 rationabiliter
928 818 1036 880 serm,
1064 812 1128 868 Deo

222 895 337 950 obedire
363 901 391 948 et
420 911 483 949 erun
509 893 612 948 dieitur
636 893 788 963 bonorare3
817 902 846 948 et
868 895 923 950 hoo
945 897 1063 952 maxime
1082 913 1127 952 ru

220 979 333 1037 donalis
353 987 468 1048 natura,
496 979 542 1034 oui
566 980 663 1036 datum
687 985 730 1034 eat
752 980 907 1052 intelligere
931 980 1000 1050 quid
1017 981 1127 1036 debeat.

187 1065 203 1117 ³
222 1065 301 1130 Quae
324 1081 388 1120 eum
414 1065 475 1119 vult
499 1065 574 1134 quod
597 1063 694 1132 debet,
720 1065 812 1121 Deum
829 1066 959 1142 honorat3
985 1083 1042 1120 non
1060 1067 1128 1137 quia

220 1153 262 1208 illi
281 1151 387 1222 aliquid
405 1149 527 1219 confert,
550 1149 600 1204 sed
618 1150 684 1220 quia
702 1157 849 1220 spontane
866 1150 1080 1207 eiusuoluntati
1097 1157 1126 1207 et

220 1236 396 1308 dispositioni
425 1235 522 1290 subdit
555 1242 583 1290 et
613 1236 642 1290 in
671 1253 763 1291 rerum
794 1237 974 1292 universitate
1000 1237 1126 1292 ordinem

219 1339 300 1378 suum
317 1329 345 1377 et
363 1321 485 1376 eiusdem
510 1321 699 1376 universitatis
717 1323 963 1392 pulchritudinem,
990 1329 1127 1392 quantum

185 1408 249 1463 tin
276 1409 338 1478 ipsa
365 1412 421 1474 eat,
449 1413 548 1462 servat
584 1406 654 1461 Cum
681 1425 747 1463 vero
775 1425 831 1464 non
853 1408 915 1462 rnlt
939 1408 1015 1478 quod
1034 1407 1127 1478 debet,

219 1492 320 1561 Deum,
349 1499 483 1562 quantum
500 1491 537 1545 ad
561 1491 650 1562 ipsam
659 1496 681 1561 ²)
711 1494 844 1564 pertinet,
872 1492 1031 1562 inhonorat,
1058 1509 1127 1565 quo·

217 1578 292 1632 niam
314 1594 370 1634 uon
392 1576 488 1631 subdit
513 1593 543 1632 se
566 1586 665 1648 sponte
693 1578 769 1633 illius
795 1577 985 1650 dispositioni3
1012 1586 1040 1632 et
1066 1579 1127 1632 uni·

217 1664 357 1721 vanitatis
376 1664 500 1719 ordinem
521 1671 550 1719 et
566 1665 810 1735 pulchritudinem,
822 1672 957 1738 quantrrm
976 1663 1006 1718 in
1024 1681 1055 1720 se
1074 1671 1124 1733 est,

217 1751 377 1821 perturbat,
399 1750 465 1804 lieet
485 1755 653 1820 potestatem
666 1758 727 1808 aut
748 1751 913 1824 dignitatem
931 1748 985 1804 Dei
1007 1749 1124 1806 nullate

184 1833 271 1892 dnus
297 1837 391 1892 laedat
414 1842 464 1890 aut
488 1835 636 1892 decoloret
671 1835 701 1892 Si
725 1838 800 1892 eninr
820 1853 853 1892 ea
876 1853 948 1908 quae
976 1837 1046 1893 coeli
1069 1855 1127 1892 am-

216 1923 277 1977 bitu
298 1922 483 1989 eontinentur,
500 1922 606 1976 vellent
622 1938 678 1977 non
696 1938 757 1976 esse
774 1922 826 1975 sub
846 1922 922 1977 ooelo
933 1927 984 1976 aut
1000 1920 1126 1993 elongari

216 2024 235 2062 a
249 2008 341 2075 coelo,
362 2006 521 2061 nullatenus
540 2013 655 2076 possent
671 2005 725 2058 nisi
743 2003 794 2059 sub
814 2005 892 2059 eoelo
912 2021 988 2074 ease,
1013 2023 1064 2061 neo
1081 2008 1125 2062 fu·

184 2089 283 2163 figere
301 2090 408 2145 eoelum
435 2089 489 2142 nisi
512 2088 763 2159 appropinquando
789 2088 875 2142 ooelo.
910 2089 983 2144 Nam
1005 2097 1033 2145 et
1049 2092 1125 2146 unde

218 2181 319 2245 atquo
338 2181 367 2227 et
384 2189 441 2242 qua
457 2172 546 2243 irent,
565 2174 617 2228 aub
634 2173 711 2228 ooelo
731 2178 839 2242 essent;
856 2179 885 2228 et
905 2180 1010 2244 quanto
1033 2176 1125 2246 magis

216 2275 234 2316 a
270 2258 396 2330 qualibet
429 2264 510 2329 perte
552 2258 622 2314 ooeli
663 2259 874 2330 elongarentur,
917 2263 996 2314 tanto
1031 2261 1123 2332 magis

184 2353 198 2402 7
217 2345 362 2416 oppositae
380 2344 455 2415 parti
473 2343 737 2416 appropinquarent
755 2341 818 2399 'lta
835 2345 961 2416 quamvis
978 2344 1060 2400 homo
1079 2345 1125 2402 vel

216 2431 305 2488 malus
333 2431 451 2502 angelus
483 2429 595 2486 divinae
624 2431 762 2487 voluntati
789 2437 818 2486 et
840 2429 1008 2485 ordinationi
1031 2431 1125 2486 nubia-

217 2533 279 2573 oere
302 2517 385 2585 nolit,
409 2533 466 2570 non
488 2522 583 2572 tamen
606 2534 667 2573 eam
690 2517 788 2589 fugere
813 2516 903 2584 valet3
930 2515 997 2586 qnia
1021 2516 1046 2570 si
1064 2517 1125 2570 vult

215 2600 314 2673 fugere
332 2600 436 2657 desub
454 2602 597 2660 voluntate
621 2603 747 2670 iubente,
777 2602 863 2657 currit
881 2600 934 2656 sub
951 2601 1125 2656 voluntatem

183 2687 385 2757 epunientem.
419 2686 458 2740 Et
479 2686 512 2742 si.
529 2689 653 2759 quaeris,
683 2705 739 2760 qua
760 2685 880 2742 transit?
908 2703 965 2741 non
991 2687 1045 2742 nisi
1071 2688 1124 2742 sub

215 2772 358 2828 voluntate
375 2773 568 2843 permittente3
590 2779 617 2828 et
634 2773 687 2827 hoe
706 2774 805 2843 ipsum,
826 2772 901 2843 quod
917 2789 1047 2843 perverse
1064 2773 1124 2827 vult

216 2862 266 2912 aut
285 2855 358 2928 agit.
383 2857 412 2913 in
435 2859 624 2914 universitatis
648 2857 791 2929 praefatae
816 2856 941 2913 ordinem
959 2866 988 2914 et
1004 2857 1124 2929 pulchri-

183 2943 342 3005 ttudinem
366 2960 474 2999 sumina
501 2943 639 3014 sapientia
661 2942 805 2999 convertit.
840 2943 907 3012 lpsa
929 2961 1051 3016 namque
1073 2960 1123 3014 per

287 3156 312 3223 1)
330 3154 386 3208 cfr.
404 3155 496 3236 Haase
517 3153 643 3211 Tom.II
613 3155 738 3282 H'ffi
759 3161 826 3212 576:
853 3157 938 3228 „Ana
956 3153 1123 3210 untersohei·

216 3219 265 3278 det
285 3156 409 3277 deutlich
428 3223 491 3279 eine
513 3225 717 3296 doppellehr
754 3197 868 3281 Gottes’.³
891 3226 936 3280 die
959 3225 1124 3276 immoneate

215 3292 274 3346 und
292 3291 337 3346 die
354 3300 374 3344 o
375 3293 540 3346 amma!

285 3362 311 3426 2)
331 3361 373 3414 od
389 3361 471 3416 allam
487 3361 594 3416 Aa—
612 3365 654 3418 ad
670 3363 753 3418 illam
772 3362 861 3418 Aba.
