2616 3826
357 309 435 370 oue
449 308 550 370 nnus
567 310 685 371 Hono:
720 313 758 370 n.
776 287 878 371 ros-rr.
1030 315 1086 382 «ee

181 487 216 538 et¹
227 483 316 538 omnis
333 483 415 539 homo
434 482 601 538 netmliter
617 471 742 539 mortalis
761 483 818 538 siti
852 486 921 538 Am.
939 484 1003 540 Non
1016 490 1084 554 puto
1102 477 1118 538 3

178 567 374 624 mortalitatem
390 568 429 622 ud
452 583 552 640 puram
573 569 622 624 sed
642 566 679 624 sid
695 573 853 642 ‘corruptam
868 570 988 626 hommis
1005 575 1085 626 netu-

178 667 239 707 rem
259 653 406 723 pertinere
443 653 553 724 Quippe
574 652 600 707 si
622 671 765 726 nunquam
788 661 932 725 peooeeset
954 656 1035 711 homo
1057 659 1119 712 et'4

178 738 372 794 immortalitas
390 739 478 809 ipsius
506 739 716 794 immutabiliter
733 738 843 792 firmem
860 745 947 809 esset,
970 745 1027 795 non
1042 747 1084 796 u-

165 839 243 879 ·men
267 825 358 879 miuus
383 825 465 880 homo
491 829 565 880 esset
587 830 741 894 veruspet
765 823 876 895 quando
900 824 1029 878 mortales
1055 823 1085 878 in

161 901 441 981 'incorruptrlrilitate
465 915 624 981 resurgent,
651 927 709 964 non
733 910 825 964 minus
853 914 934 963 erunt
958 909 1017 964 veri
1037 909 1085 964 ho-

178 994 282 1058 mines3
307 1013 372 1050 nam
396 995 419 1048 si
441 996 593 1066 pertineret
613 994 650 1050 ad
673 993 818 1050 veritatem
844 992 982 1048 humanae
1006 999 1085 1048 netu·
1135 1039 1148 1068 e

164 1095 225 1135 ree
252 1081 421 1150 mortalitas,
444 1098 621 1154 nequequam
638 1085 732 1150 posset
748 1095 809 1134 esse
825 1078 921 1148 homo,
946 1079 1085 1149 quiesset
1110 1119 1113 1126 -

163 1167 356 1236 'immortalia
379 1183 434 1221 non
460 1183 526 1239 ergo
551 1167 671 1238 pertinet
690 1164 727 1220 ad
744 1163 931 1218 sinceritatem
948 1155 1112 1218 humanae·

177 1257 294 1306 naturae
325 1251 547 1323 corruptibilitas·
570 1252 628 1306 sive
657 1249 920 1321 inoormpribilites,
951 1245 1082 1319 quonism
1296 1269 1297 1302 l

163 1343 278 1392 neutra
300 1336 369 1392 feeit
393 1341 443 1390 eut
464 1335 582 1391 destruit
603 1334 756 1406 hominem,
783 1335 834 1389 sed
850 1333 939 1388 nitere
954 1333 1030 1388 valet
1048 1331 1108 1398 ed,
1186 1330 1188 1336 ’
1296 1325 1297 1340 ’

178 1421 238 1477 eius
265 1422 419 1492 miseriem,
447 1422 534 1478 altera
560 1422 597 1476 od
626 1421 835 1476 beatitudinem.
872 1418 928 1474 Sed
955 1414 1119 1490 quoniam⁵
1296 1425 1297 1434 ¹

177 1508 272 1562 nullus
295 1507 376 1564 homo
402 1513 444 1566 est
463 1509 591 1578 quinon
608 1507 755 1576 moriatur,
780 1505 887 1560 ideireo
906 1505 1020 1560 mortale
1038 1521 1087 1575 po·

177 1592 254 1646 nitur
284 1593 314 1646 in
339 1593 458 1647 hominis
486 1591 646 1647 definitione
673 1609 690 1646 a
717 1590 934 1660 philosophis,¹)
961 1588 1088 1659 quirion

178 1677 356 1732 erediderunt
373 1683 464 1732 totum
479 1677 620 1731 hominem
638 1675 788 1746 aliquando
800 1673 926 1744 potuisse
943 1678 992 1726 eut
1005 1688 1087 1742 posee
1138 1722 1141 1730 .

178 1777 239 1816 esse
267 1759 457 1816 immortalem.
506 1762 599 1826 Quare
628 1776 685 1814 non
710 1757 814 1813 suffieit
838 1758 875 1812 ed
900 1755 1122 1811 demonstran-6

178 1847 246 1902 dum
264 1847 344 1900 illum
368 1845 507 1902 hominem
533 1844 634 1900 debere
663 1844 807 1900 mortalem
834 1859 906 1911 esse,
928 1841 996 1911 hoo,
1020 1842 1087 1913 quie

177 1949 261 1988 verus
279 1929 361 2001 homo
380 1932 440 1986 erit.
476 1935 545 1986 Bos.
573 1930 681 1994 Quaere
705 1946 772 2001 ergo
791 1935 823 1984 tu
843 1928 926 1982 ulium
943 1927 1120 1996 rationem'l

179 2018 246 2091 quie
267 2034 320 2088 ego
341 2017 418 2071 illem
444 2018 540 2075 neseio
566 2017 590 2071 si
610 2021 648 2069 tu
672 2014 777 2080 neseis,
807 2030 863 2085 que
883 2013 932 2068 ille
954 2013 1087 2083 probetur
1112 2045 1114 2049 ·

177 2120 260 2177 posse
280 2103 358 2160 mori.
394 2104 463 2157 Ans.
498 2100 624 2156 Dubium
652 2115 708 2154 non
733 2104 789 2168 est,
817 2097 984 2170 quie-siout
1010 2098 1087 2154 Deus

180 2191 248 2260 erit,
277 2191 317 2245 ite
341 2189 515 2259 omnipotens
540 2187 598 2242 erit.
635 2187 704 2239 Bos.
739 2183 844 2240 Verum
868 2190 916 2240 est·
953 2186 1022 2241 Am.
1058 2184 1088 2240 si

180 2291 247 2346 ergo
271 2276 359 2344 volet,
383 2274 486 2345 poterit
510 2271 632 2326 enimam
655 2286 734 2324 suam
760 2286 863 2340 ponere
881 2270 1025 2325 etiterum
1043 2287 1089 2322 su-

167 2373 262 2412 ·mere.
297 2363 367 2414 Bos.
402 2358 432 2416 si
454 2358 507 2412 hoo
529 2374 586 2411 non
611 2362 716 2427 potest,
739 2371 795 2409 non
819 2355 930 2410 videtur
954 2355 1029 2424 quod
1052 2353 1090 2408 sit
1110 2351 1117 2387 ='

182 2441 361 2512 omnipotens.
396 2445 468 2498 Am.
502 2442 611 2497 Poterit
623 2440 720 2512 -igitur
743 2453 885 2510 nunquam
908 2439 978 2492 mori
1000 2438 1025 2491 si
1041 2435 1124 2492 vos

93 2581 94 2585 ,
181 2526 236 2595 let,
259 2533 286 2582 et
309 2529 411 2597 poterit
435 2527 505 2583 mori
530 2533 558 2582 et
582 2543 733 2600 resurgere.
770 2525 834 2580 sive
858 2528 950 2578 eutem
967 2523 1088 2578 animem

180 2621 261 2665 'suem
278 2617 365 2682 ponet
381 2614 459 2670 nullo
478 2613 533 2668 elio
549 2611 686 2680 faciente,
704 2609 762 2664 sive
782 2609 854 2664 alius
871 2609 923 2664 hoo
943 2609 1037 2678 faciet,
1056 2615 1091 2664 ut
1110 2602 1113 2609 ’

182 2713 246 2753 eam>
271 2704 358 2768 ponat
382 2698 443 2771 ipso
473 2697 663 2769 permittente:
694 2701 829 2768 quantum
858 2696 895 2748 ad
923 2699 1088 2765 potestatem

181 2781 252 2836 nihil
273 2780 375 2836 differt.
412 2788 479 2839 Bor.
496 2785 560 2840 Non
579 2786 622 2836 est
642 2781 766 2837 dubium.
801 2782 871 2836 Arre.
890 2779 919 2836 si
938 2779 1025 2852 igitur
1040 2780 1122 2835 vo=9

179 2867 264 2921 luerit
279 2867 458 2938 permittere,
474 2868 577 2941 poterit
594 2867 699 2930 oooidi3
721 2875 750 2924 et
768 2868 792 2922 si
808 2867 943 2936 noluerit,
965 2883 1022 2921 non
1040 2883 1089 2936 po·

180 2951 253 3008 terit.
290 2955 358 3006 Boe.
394 2952 442 3006 Ad
467 2954 521 3008 hoo
543 2970 595 3007 nos
612 2951 1087 3025 indeclinabiliter'perduoitratio.

180 3038 250 3092 Aue.
285 3037 370 3092 Ratio
392 3053 501 3109 quoque
519 3057 568 3094 nos
588 3037 690 3107 docuit,
707 3041 774 3109 quie
790 3046 904 3120 oportet,
919 3055 982 3093 eum
999 3035 1088 3090 maius
1108 3035 1140 3086 10

181 3121 292 3192 aliquid·
304 3121 406 3176 habere
424 3139 507 3192 quum
526 3123 662 3196 quidquid
680 3125 732 3180 sub
750 3124 811 3180 Deo
830 3129 879 3194 est,
898 3123 973 3193 quod
991 3128 1089 3193 sponte

253 3362 279 3432 1)
297 3362 354 3418 cfr.
371 3362 533 3416 Aristotelio
552 3361 704 3432 Aualytioe
719 3361 823 3416 Priora.
837 3367 861 3430 1,
879 3365 919 3418 31.
937 3359 983 3418 ull.

905 3454 919 3502 5
