2616 3826
220 306 264 377 58
413 304 441 362 S.
460 301 633 367 suenum
651 301 960 364 annuntiaturus

218 473 349 550 quoniam
360 473 442 530 aliter
453 473 513 531 fieri
525 473 630 548 nequit,
647 480 681 530 ut
690 475 766 529 idem
777 473 837 545 ipse
849 472 886 528 sit
895 470 1037 542 perfectus
1047 469 1125 526 Deus

216 565 246 618 et
262 557 402 632 perfectus
419 561 509 616 homo.
544 562 612 615 Boe.
628 559 732 618 Totum
749 560 816 616 mihi
834 559 935 630 placet,
955 555 1030 629 quod
1048 555 1126 612 dicis.

185 727 197 778 1
295 698 338 787 80
389 734 458 786 Ana.
493 731 592 788 Restat
608 749 682 787 nunc
699 748 840 804 quaerere,
857 731 933 788 unde
948 736 977 786 et
988 729 1127 803 quomodo

217 824 339 874 assumet
363 816 441 874 Deus
468 817 617 872 humanam
642 822 779 872 naturam.
817 815 878 872 Aut
903 816 977 872 enim
1005 820 1128 872 assumet

218 921 280 961 earn
299 903 335 960 de
351 903 445 958 Adam
471 909 520 958 aut
543 901 629 958 faciet
650 919 752 958 novum
770 901 925 972 hominem,
950 901 1127 975 quemadmo-

183 995 200 1046 2
218 989 285 1044 dum
306 987 374 1044 feeit
391 989 485 1043 Adam
508 989 543 1044 de
566 989 643 1044 nullo
668 989 723 1044 alio
746 989 865 1044 homine.
901 987 958 1044 Sed
981 988 1006 1042 ei
1024 1005 1127 1043 novum

217 1073 357 1130 hominem
376 1051 445 1129 ficit
462 1091 518 1129 non
543 1079 577 1129 ex
598 1074 679 1130 Adae
703 1091 820 1148 genere,
842 1091 900 1130 non
921 1073 1073 1146 pertinebit
1089 1074 1127 1129 ad

219 1177 308 1236 genus
324 1160 476 1214 humanum
500 1157 575 1232 quod
599 1164 696 1214 natum
715 1164 758 1214 est
778 1160 814 1216 de
831 1159 943 1230 Adam3
967 1176 1054 1231 quare
1070 1177 1127 1216 non

184 1246 200 1298 3
219 1245 333 1302 debebit
355 1246 516 1301 satisfacere
536 1263 587 1317 pro
609 1263 655 1316 eo,
676 1245 743 1318 quia
767 1262 824 1300 non
849 1245 902 1301 erit
920 1246 956 1302 de
973 1263 1013 1302 eo.
1049 1245 1128 1302 Sicut

219 1332 294 1388 enim
311 1337 418 1386 rectum
438 1336 488 1400 est,
507 1337 539 1386 ut
555 1349 607 1403 pro
626 1330 710 1402 culpa
727 1331 846 1386 hominis
864 1330 945 1388 homo
964 1329 1126 1402 satisfaciat,

219 1417 260 1472 ita
281 1433 395 1472 necesse
423 1421 477 1486 est,
506 1422 539 1472 ut
561 1417 734 1473 satisfaciens
759 1417 834 1472 idem
856 1417 893 1472 sit
916 1417 964 1489 qui
986 1423 1126 1489 peccator,

219 1507 269 1557 aut
285 1501 408 1558 eiusdem
431 1502 557 1574 generis3
585 1503 666 1559 aliter
688 1519 808 1573 namque
827 1519 880 1558 nec
897 1503 991 1558 Adam
1007 1520 1060 1560 nec
1077 1521 1125 1576 ge·

186 1592 272 1642 inus
296 1587 355 1644 eius
378 1587 557 1658 satisfaciet1)
582 1605 633 1659 pro
656 1605 693 1644 se.
729 1589 805 1660 Ergo
827 1589 901 1644 sicut
925 1589 960 1644 de
983 1589 1076 1644 Adam
1100 1595 1128 1646 et

219 1674 280 1730 Eva
303 1679 450 1746 peccatum
473 1675 504 1729 in
528 1692 622 1731 omnes
646 1673 771 1730 homines
794 1679 981 1746 propagatum
1007 1681 1062 1746 est,
1087 1675 1128 1730 ita

218 1759 321 1830 nullus,
339 1759 393 1814 nisi
409 1761 454 1816 vel
472 1759 526 1832 ipsi
542 1760 588 1815 vel
609 1759 658 1831 qui
674 1760 709 1816 de
725 1759 780 1814 illis
794 1760 927 1822 nescitum,
944 1778 995 1832 pro
1012 1765 1128 1831 peccato

218 1845 363 1901 hominum
381 1845 541 1902 satisfacere
558 1845 649 1902 debet.
681 1845 818 1911 Quoniam
836 1864 902 1918 ergo
919 1846 961 1900 illi
977 1852 1128 1918 nequeunt,

187 1937 334 1988 enecasse
358 1937 400 1986 est
428 1937 460 1987 ut
483 1933 519 1986 de
548 1931 604 1986 illis
630 1931 680 2004 sit,
715 1932 763 2003 qui
785 1932 839 1987 hoc
857 1933 950 1988 faciet.
985 1932 1126 2005 Amplius:

221 2017 292 2073 sicut
313 2013 406 2072 Adam
432 2022 460 2071 et
482 2021 572 2071 totum
596 2033 686 2088 genus
710 2019 768 2072 eius
791 2035 842 2088 per
871 2034 901 2072 se
923 2017 1046 2072 stetisset
1069 2017 1129 2072 sine

221 2103 424 2157 sustentatione
456 2099 569 2154 alterius
599 2105 743 2154 creaturae
770 2101 793 2154 si
818 2117 876 2154 non
899 2107 1057 2172 peccasset,
1089 2103 1130 2157 ita

221 2192 344 2258 oportet,
368 2191 400 2241 ut
424 2185 448 2240 si
470 2184 546 2238 idem
565 2201 653 2256 genus
671 2184 793 2256 resurgit
814 2189 1006 2256 portensum,
1031 2203 1082 2258 per
1099 2203 1129 2243 ee

187 2271 204 2323 6
220 2278 349 2346 resurgat
373 2277 401 2328 et
420 2271 565 2326 relevetur.
600 2271 674 2328 Nam
697 2287 748 2342 per
770 2287 963 2342 quemcunque
980 2271 1009 2327 in
1026 2277 1130 2329 statum

220 2355 401 2427 restituatur,
421 2373 473 2427 per
498 2355 577 2410 illum
601 2355 699 2428 utique
721 2357 820 2428 stabit,
848 2373 899 2428 per
923 2375 1006 2429 quem
1025 2363 1130 2414 statum

188 2448 203 2498 7
221 2459 302 2498 suum
326 2442 511 2516 recuperabit.
545 2443 623 2499 Deus
650 2441 734 2498 etiam
752 2443 864 2515 quando
884 2442 1033 2500 humanam
1050 2451 1130 2499 natu·

221 2544 281 2582 ram
305 2528 433 2600 primitus
460 2529 528 2584 feeit
551 2529 581 2584 in
605 2528 663 2583 solo
687 2527 780 2584 Adam
802 2545 855 2584 nec
879 2528 1025 2600 feminam,
1045 2537 1078 2585 ut
1095 2531 1130 2586 de

221 2618 340 2686 utroque
369 2631 438 2671 sexu
467 2613 719 2688 multiplicarentur
748 2613 887 2684 homines,
919 2612 1011 2670 facere
1041 2615 1130 2670 voluit

221 2696 276 2751 nisi
304 2699 339 2754 ds
365 2699 440 2771 ipso,
470 2706 566 2770 aperte
589 2698 763 2768 monstravit,
787 2715 818 2754 se
840 2716 896 2754 non
913 2699 967 2754 nisi
986 2700 1021 2754 de
1037 2698 1130 2754 Adam

221 2781 344 2840 voluisse
359 2784 474 2854 facere,
499 2784 574 2856 quod
599 2784 635 2840 de
661 2784 784 2840 humana
800 2789 901 2840 natura
918 2785 1044 2841 facturus
1063 2792 1130 2842 erat

189 2863 398 2940 8Quapropter
422 2869 447 2922 si
469 2886 558 2940 genus
588 2869 669 2924 Adae
699 2887 750 2940 per
775 2869 896 2942 aliquem
919 2871 1059 2926 relevatur
1083 2871 1131 2926 hc·

222 2952 337 3024 minem,
355 2951 404 3026 qui
419 2971 477 3008 non
494 2953 532 3009 sit
549 2954 584 3010 de
602 2955 699 3012 eodem
716 2971 834 3028 genere,
855 2972 913 3012 non
930 2955 1053 3012 inillam
1071 2956 1131 3030 dig-

222 3039 352 3111 nitatem,
377 3055 462 3111 quam
485 3039 644 3096 habiturum
669 3047 729 3097 erat
752 3041 776 3095 ei
797 3059 853 3098 non
871 3048 1014 3112 peccasset
1029 3041 1131 3112 Adam,

223 3131 252 3182 et
278 3125 341 3182 ideo
365 3143 424 3180 non
448 3124 557 3198 integre
585 3126 799 3196 restaurabitur,
826 3132 855 3182 et
878 3125 934 3181 Dei
958 3127 1131 3197 propesitum

223 3212 342 3268 deficere
360 3210 514 3280 videbitur,
537 3227 611 3283 quae
637 3211 689 3269 luo
709 3211 932 3268 inconvenientia
955 3216 1035 3282 sunt;
1066 3228 1132 3284 ergo

293 3369 319 3433 1)
337 3367 515 3434 satisfaceret
530 3364 618 3426 Aah
632 3382 655 3422 e.
