2616 3826
224 315 268 382 44
408 311 437 368 S.
457 309 627 367 ANSELMI
646 304 951 367 CANTUARIENSIS

225 487 323 538 contra
345 480 516 535 voluntatem
536 478 605 548 Dei,
634 475 827 548 gravissimum
851 474 984 546 quiddam
1008 480 1036 529 et
1059 473 1130 528 nulli

225 569 328 624 damno
357 564 543 636 comparabile
572 563 712 634 intellig03
750 561 799 617 sed
829 561 948 616 solemus
977 560 1129 634 aliquando

224 653 318 709 iacere
343 657 440 706 contra
462 649 631 704 voluntatem
654 646 772 702 alicuius
795 665 852 702 non
868 646 1130 718 reprehensibiliter,

226 744 258 793 nt
278 754 323 793 res
346 737 406 791 eius
428 739 585 804 serventru3
615 733 690 805 quod
714 737 813 804 postea
835 732 877 786 illi
899 733 1007 804 placet,
1034 738 1131 788 contra

193 824 304 885 senius
334 822 505 877 voluntatem
532 819 657 875 facimus.
692 821 763 874 Aac.
797 817 860 873 Hoc
882 817 915 872 fit
939 817 1056 887 homini,
1082 817 1132 889 qni

225 907 377 979 aliquando
396 923 452 960 non
469 904 602 975 iutelligit
619 904 687 974 quid
704 904 741 958 sit
757 904 811 960 sibi
829 903 905 973 utile,
928 908 978 958 aut
998 921 1054 959 non
1068 908 1130 972 pot·

227 999 271 1048 est
295 997 451 1046 restaurare
477 989 552 1060 quod
577 988 710 1060 perdidit3
737 990 786 1044 sed
809 989 886 1044 Deus
912 988 990 1044 nullo
1014 987 1130 1059 indiget,

226 1083 256 1133 et
278 1076 370 1132 omnia
394 1075 419 1129 si
445 1075 581 1146 perirent,
607 1081 701 1146 posset
726 1075 799 1130 sicut
824 1091 857 1130 ea
881 1073 949 1130 fecit
973 1072 1130 1129 restituere.

193 1165 209 1216 9
226 1165 296 1217 Boe.
330 1159 425 1216 Fateri
441 1177 485 1215 me
505 1177 617 1216 necesse
633 1165 688 1229 est,
712 1161 779 1233 quia
795 1177 846 1233 pro
865 1158 1054 1218 conservande
1071 1162 1132 1212 tota

225 1254 354 1304 creatura
378 1243 447 1299 nihil
475 1247 605 1302 deberem
629 1246 722 1302 fecere
750 1252 847 1301 contra
871 1245 1042 1300 voluntatem
1068 1242 1130 1299 Dei.

178 1337 209 1388 10
226 1336 297 1388 Aac.
333 1331 407 1395 Quid
424 1329 449 1383 si
466 1329 560 1399 plnres
580 1336 673 1385 essent
690 1331 787 1386 mundi
805 1331 882 1404 pleni
898 1330 1039 1399 creaturis,
1060 1329 1131 1383 sicut

226 1419 279 1473 iste
305 1415 366 1473 est?
400 1418 468 1470 Bos.
505 1413 535 1470 Si
560 1413 667 1470 infinito
692 1433 806 1470 numero
833 1415 1083 1488 multiplicarentur
1104 1419 1133 1468 et

227 1502 354 1557 similiter
394 1499 462 1554 mihi
504 1499 728 1568 ostenderentur,
766 1500 889 1571 idipsum
930 1501 1133 1571 responderem.

178 1593 208 1645 11
227 1589 297 1642 Aac.
332 1586 411 1644 Nihil
428 1583 532 1640 rectius
555 1589 650 1653 potes3
674 1585 724 1641 sed
746 1585 891 1642 considera
907 1586 1005 1655 etiam,
1027 1585 1051 1640 si
1068 1601 1132 1640 oon·

227 1674 361 1744 tingeret,
385 1676 418 1726 ut
442 1675 539 1725 contre
558 1670 730 1725 voluntatem
748 1670 802 1726 Dei
826 1670 905 1726 illum
929 1676 1073 1742 aspectum
1090 1669 1132 1725 fa·

228 1774 320 1828 cercs;
338 1756 406 1829 quid
423 1770 519 1826 posses
537 1772 587 1826 pro
606 1754 659 1811 hoc
675 1763 791 1826 peccato
809 1755 936 1812 solvere?
971 1757 1040 1812 Boe.
1069 1754 1133 1811 Non

178 1847 210 1900 12
227 1844 317 1899 habeo
340 1841 446 1914 aliquid
470 1839 560 1895 mains
584 1857 668 1912 quam
686 1842 761 1912 quod
778 1858 864 1913 supra
881 1841 946 1897 dixi.
980 1843 1052 1897 Aac.
1087 1839 1134 1896 sio

227 1927 350 2000 graviter
366 1943 522 1997 peccamus,
540 1926 759 1997 quotiescunque
778 1927 897 1982 scienter
913 1927 1020 1998 aliquid
1039 1943 1134 1997 quam·

227 2013 298 2068 libet
319 2027 436 2082 parvum
459 2015 556 2064 contra
576 2012 747 2065 voluntatem
765 2011 821 2065 Dei
844 2011 977 2081 facimus3
1003 2012 1135 2082 quoniam

228 2112 338 2165 semper
366 2111 461 2148 sumus
487 2093 517 2146 in
540 2100 692 2164 conspectu
709 2093 782 2157 eius,
807 2100 836 2148 et
852 2111 961 2165 semper
975 2095 1037 2165 ipse
1054 2112 1135 2164 prae-

179 2187 211 2239 13
228 2180 297 2250 cipit
314 2178 447 2235 nobisne
463 2194 617 2250 peccemus.
653 2180 723 2232 Boc.
758 2178 800 2234 Ut
817 2178 909 2248 audio,
926 2179 1008 2235 nimis
1025 2179 1134 2250 pericu·

227 2266 286 2322 lose
303 2264 429 2320 vivimus.
465 2265 535 2322 Aac.
570 2263 665 2334 Patet,
691 2263 758 2335 quia
779 2264 933 2320 secundum
949 2264 1135 2337 quantitatem

228 2351 316 2424 exigit
336 2350 414 2405 Deus
438 2348 663 2406 satisfactionem.
699 2354 767 2406 Boe.
802 2350 866 2407 Non
891 2367 1003 2422 possum
1023 2367 1134 2423 negare.

180 2442 212 2493 14
228 2439 299 2492 Aac.
333 2435 398 2494 Non
422 2451 489 2508 ergo
508 2435 660 2506 satisfacis,
682 2436 706 2490 si
724 2454 780 2492 non
798 2436 892 2491 reddis
913 2435 1020 2507 aliquid
1037 2435 1134 2505 maius,

228 2539 313 2594 quam
340 2520 377 2576 sit
401 2519 432 2576 id
457 2539 508 2592 pro
535 2539 589 2595 quo
615 2528 761 2592 peccatum
786 2521 879 2578 fecere
907 2537 964 2575 non
990 2522 1135 2577 debueras.

228 2610 297 2662 Boe.
332 2605 371 2660 Et
398 2605 534 2664 rationem
560 2609 643 2663 rideo
673 2606 713 2661 sic
742 2606 852 2679 exigere
884 2611 912 2662 et
937 2607 1049 2662 omnino
1075 2623 1135 2663 esse

180 2697 211 2749 15
229 2690 408 2761 impossibile.
448 2693 518 2748 Aac.
553 2693 613 2750 Nec
634 2691 712 2748 Deus
738 2691 826 2746 ullum
852 2690 1011 2763 obligatum
1029 2691 1135 2764 eliqua·

228 2785 310 2834 tenus
338 2777 433 2833 debito
461 2779 570 2848 peccati
595 2794 734 2833 assumere
762 2782 855 2848 potest
872 2777 909 2832 ad
926 2777 1135 2846 beatitudinem,

230 2863 372 2936 quianon
390 2862 481 2918 debet.
515 2864 584 2917 Boc.
619 2861 708 2920 Nimis
732 2867 775 2917 est
790 2862 885 2934 gravis
902 2862 972 2918 hsce
990 2863 1135 2919 sententie.

197 3030 210 3080 1
253 3030 255 3033 ’
308 3001 375 3086 22·
426 3031 496 3084 Aac.
521 3030 598 3086 Audi
615 3031 707 3087 adhuc
724 3032 808 3103 aliud,
818 3032 839 3105 ¹)
856 3049 907 3089 cur
921 3050 977 3089 non
994 3033 1086 3088 minus
1100 3031 1138 3088 sit

230 3117 344 3175 difficile
369 3116 507 3174 hominem
526 3115 699 3172 reconciliari
717 3117 787 3175 Deo.
821 3122 890 3175 Boc.
924 3117 987 3176 Nisi
1003 3116 1073 3172 fides
1091 3132 1136 3172 me

302 3291 328 3357 1)
346 3288 480 3345 Codicum
498 3294 607 3344 secutus
624 3305 800 3359 consensum,
824 3287 967 3344 acerbis:
995 3288 1068 3342 audi
1082 3289 1136 3342 ad·

230 3357 284 3411 bac
302 3363 355 3413 etc.
373 3357 483 3412 initium
500 3357 600 3429 capitis
619 3363 652 3415 22
669 3359 737 3414 duxi
753 3358 921 3414 iaciendum.
