2616 3826
222 339 263 404 56
403 341 431 396 S.
451 339 629 398 'ANSELMP
642 337 949 396 CANTUARIENSIS

171 510 204 562 10
222 502 352 576 tacerel)
386 509 424 564 Et
450 525 514 564 cum
546 507 662 564 dicimus
687 507 779 563 Deum
805 506 912 579 aliquid
934 493 1028 564 facere
1051 507 1144 580 quasi

222 595 390 651 necessitate
407 595 515 651 vitandi
533 595 736 650 inhonestatem
754 611 838 665 quam
855 594 951 664 utique
968 609 1025 648 non
1042 593 1133 655 timet,

207 680 314 756 ,potius
331 680 546 752 intelligendum
565 686 620 745 est,
645 681 711 753 quia
735 679 788 735 hoc
805 678 873 734 facit
892 678 1058 734 necessitate
1075 695 1132 734 ser·

207 766 330 822 ”vandae
346 765 511 837 honestatis,
535 784 608 839 quae
631 767 737 822 scilicet
753 763 904 821 necessitas
920 782 978 820 non
994 771 1037 820 est
1053 764 1132 820 aliud

221 868 305 923 quam
329 852 538 912 immutabilitas
564 852 716 908 honestatis
739 851 810 920 eius,
836 867 920 922 quam
938 867 956 906 a
974 867 1004 906 se
1022 851 1084 921 ipso
1102 853 1134 904 et·

220 955 277 993 non
294 939 330 994 ab
349 937 405 993 aiio
424 937 524 1008 habet,
551 944 579 994 et
604 938 708 992 idcirco
724 935 873 1007 improprie
891 935 994 990 dicitur
1010 935 1130 990 necessi-

172 1017 272 1086 lites.
306 1021 440 1078 Dicamus
464 1027 570 1091 tamen,
596 1021 664 1093 quia
682 1038 795 1078 neeesse
812 1027 867 1090 est,
892 1029 924 1076 ut
947 1021 1058 1076 bonitas
1075 1021 1131 1076 Dei

208 1113 335 1178 'propter
358 1106 611 1163 immutabilitatem
637 1123 716 1161 suam
731 1105 858 1177 perficiat
875 1107 911 1162 de
928 1106 1038 1163 homine
1056 1107 1132 1178 quod

222 1192 341 1264 incepit,
371 1193 497 1263 quemvis
525 1199 615 1248 totum
641 1192 678 1248 sit
702 1192 793 1264 gratia
820 1193 924 1248 bonum
951 1190 1026 1264 quod
1052 1192 1130 1246 facit

223 1278 291 1332 Boo.
310 1276 449 1332 Concedo.

190 1427 217 1495 1³
301 1412 343 1500 b.
393 1449 464 1501 Aoo.
481 1447 544 1502 Hoc
562 1456 655 1504 autem
662 1449 723 1504 fieti
734 1449 838 1521 nequit,
856 1449 910 1503 nisi
922 1449 959 1504 sit
972 1450 1020 1520 qui
1041 1449 1131 1504 solvat

222 1531 284 1586 Deo
312 1551 363 1603 pro
389 1539 504 1603 peccato
526 1533 644 1588 hominis
671 1533 779 1606 aliquid
805 1533 910 1601 maius,
940 1550 1025 1604 quam
1050 1549 1131 1588 omne

187 1611 297 1688 2ouod
315 1625 426 1688 praeter
444 1618 537 1674 Deum
552 1627 601 1676 est.
637 1620 707 1675 Bos.
735 1619 780 1674 Ita
797 1624 914 1674 constat.
948 1620 1019 1673 Aba.
1046 1619 1131 1673 Illum

221 1697 349 1775 quoque,
383 1703 432 1775 qui
460 1706 495 1761 de
521 1723 571 1762 suo
597 1705 701 1778 poterit
724 1705 785 1762 Deo
814 1707 881 1760 dare
907 1704 1029 1776 aliquid,
1056 1704 1133 1776 quod

221 1796 335 1860 superet
352 1807 433 1846 omne
453 1792 528 1861 quod
552 1794 603 1849 sub
620 1794 682 1850 Deo
701 1798 756 1862 est,
784 1791 915 1847 maiorem
941 1807 1001 1847 esse
1017 1805 1133 1846 neeesse
1174 1819 1192 1826 -

207 1881 275 1948 est,
299 1893 382 1947 quam
401 1893 481 1932 omne
501 1877 575 1948 quod
591 1895 648 1934 non
671 1883 714 1934 est
731 1877 817 1933 Deus.
853 1881 922 1932 Boo.
952 1875 1068 1946 Nequeo
1085 1889 1132 1928 ne·

188 1955 300 2031 igere.
334 1962 404 2015 Aoo.
441 1961 519 2018 Nihil
546 1969 640 2018 autem
667 1969 721 2018 est·
735 1979 819 2033 supra
846 1978 927 2016 omne
958 1961 1032 2032 quod
1054 1958 1132 2014 Deus

189 2045 279 2098 trion
297 2049 351 2114 est,
376 2046 430 2099 nisi
444 2046 531 2101 Deus.
565 2049 635 2100 Bou.
670 2049 776 2104 Verum
794 2054 844 2103 est.
878 2047 948 2100 Am.
983 2045 1047 2101 Non
1066 2061 1133 2114 ergo

223 2133 316 2199 potest
334 2129 406 2184 hanc
431 2129 650 2187 satisfactionem
673 2131 766 2186 faeere
783 2131 838 2185 nisi
858 2131 944 2186 Deus.
980 2131 1049 2185 Boc.
1086 2129 1134 2184 Sic

225 2214 358 2285 sequitur.
394 2216 461 2269 Aac.
497 2215 552 2272 Sed
576 2217 742 2272 mesfacere
764 2216 842 2272 illam
865 2217 948 2272 debet
970 2214 1133 2286 nisihomo,
1228 2275 1231 2281 ,

225 2300 349 2373 alioquin
367 2317 423 2356 non
441 2299 578 2357 satisfacit
596 2302 686 2359 homo.
721 2307 789 2358 Bos.
815 2305 879 2362 Non
898 2301 1008 2356 videtur
1025 2300 1134 2372 aliquid

191 2388 207 2440 5
223 2387 330 2442 iustius.
364 2391 434 2441 Am.
465 2388 495 2444 Si
512 2406 592 2461 ergo,
616 2390 689 2444 sieut
705 2387 829 2458 constat,
853 2403 966 2444 necesse
985 2390 1078 2443 estut
1097 2385 1133 2441 dc

223 2474 381 2529 hominibus
404 2473 565 2545 perficiatur
590 2473 640 2529 illa
657 2491 779 2546 superna
795 2475 905 2544 civitas,
931 2490 983 2528 nec
1000 2473 1052 2528 hoc
1072 2487 1133 2526 esse

224 2560 301 2614 valet
328 2559 382 2614 nisi
407 2557 458 2614 fiat
482 2559 627 2631 praedicta
653 2560 819 2627 satisfactio,
851 2577 935 2634 quam
963 2575 1016 2615 nec
1040 2563 1133 2630 potest

201 2701 209 2720 ÷·
224 2642 316 2700 facere
339 2645 395 2700 nisi
411 2645 489 2700 Deus
513 2663 565 2701 nec
591 2646 674 2702 debet
696 2647 750 2701 nisi
769 2646 865 2716 homo,
887 2661 1001 2701 necesse
1019 2650 1077 2714 est,
1100 2651 1134 2700 ut

191 2731 286 2784 team
314 2728 401 2784 faciat
430 2730 508 2785 Deus
535 2731 625 2786 homo.
666 2736 735 2788 Bos.
769 2731 937 2788 Benedictus
958 2732 1050 2787 Deus!
1077 2731 1153 2786 iam‘

225 2831 358 2886 magnum
384 2815 518 2887 quiddam
543 2815 699 2872 invenimus
724 2819 759 2873 de
782 2817 835 2875 hoc
858 2819 934 2889 quod
960 2817 1134 2890 quaerimus3

224 2911 391 2972 prosequere
410 2899 507 2972 igitur,
534 2905 566 2956 ut
584 2901 719 2975 incepisti.
756 2903 843 2975 Spero
860 2903 947 2975 enim,
971 2903 1037 2976 quia
1055 2903 1133 2959 Deus

222 3002 274 3041 nos
293 2985 443 3040 adiuvabit

196 3319 202 3342 ,Δ
223 3191 421 3342 Βωρᾞξιῗιὶ.
434 3191 1134 3342 §iasimxeff13P⁰r‚,fflsstffgssffimmebinfff
1201 3282 1204 3289 ·

223 3329 394 3399 possrbrhtas
425 3347 484 3385 erus
507 3329 632 3386 subiacet
657 3331 801 3387 voluntati.
839 3331 951 3414 Quippe
973 3332 1049 3403 quod
1065 3333 1135 3432 vultz

223 3411 337 3453 neeesse
355 3405 397 3454 est
414 3414 492 3470 esse3
510 3405 539 3454 et
555 3400 630 3472 quod
648 3416 704 3454 non
723 3401 793 3467 vult,
810 3401 979 3474 hposrubilc
994 3407 1116 3458 estesse.
