2616 3826
436 345 656 404 rumano
675 347 863 406 numurus
1103 351 1134 392 ¹¹

172 520 299 587 illorum
322 517 363 586 de
378 525 512 586 satanae
527 519 659 586 fallacia
671 518 944 606 disputationibus
958 519 1135 588 involutam

173 605 316 690 mythice
340 612 472 672 exueret
492 605 603 671 forma
652 604 810 691 Accessit,
839 605 926 688 quod
954 613 1029 672 tunc
1056 614 1140 673 tem-v

196 690 260 756 oris
283 690 365 756 haec
389 690 503 756 eadem
531 690 572 755 de
602 691 726 756 ratione
755 690 885 756 diuinae
907 690 1134 758 incarnationis

171 711 277 857 deque
296 774 423 841 interna
443 775 527 840 inter
548 782 682 840 mortem
702 774 823 841 Christi
840 775 1012 859 mundique
1034 777 1135 843 vitam

173 859 370 926 connexione
401 860 548 944 quaestio
578 861 749 926 multorum
777 859 919 925 fidelium
946 881 1010 926 non
1031 863 1135 928 solum

172 944 369 1011 literatorum
393 953 426 1012 et
454 945 641 1010 clericorum
662 946 720 1011 sed
741 944 839 1010 etiam
858 946 1081 1011 illiteratorum
1101 953 1134 1012 et

170 1029 324 1096 laicorum
353 1031 535 1114 occupavit
551 1029 683 1096 animos.
726 1030 830 1096 Fuere
854 1031 1056 1115 potissimum
1079 1032 1135 1116 qui

171 1114 369 1200 dubitarent,
399 1136 441 1180 an
469 1114 623 1180 redemtio
651 1115 721 1181 sola
748 1117 913 1181 voluntate
934 1116 1063 1182 iussuve
1087 1115 1133 1181 di·
1190 1188 1192 1192 ,

171 1201 246 1266 vino
275 1206 331 1264 aut
359 1220 418 1284 per
446 1199 544 1265 aliam
575 1219 672 1283 quam
700 1219 759 1284 per
786 1200 850 1266 Dei
875 1220 1047 1285 personam
1075 1221 1134 1266 seu

169 1284 351 1369 angelicam
393 1305 449 1351 seu
493 1284 665 1350 humanam
706 1285 776 1351 fieri
816 1286 972 1370 potnerit;
1010 1285 1134 1372 quique

100 1396 107 1415 ·
171 1370 400 1436 obiectionibus
440 1369 615 1435 infidelium
651 1370 889 1454 simplicitatem
925 1370 1134 1436 christianam

170 1457 263 1537 quasi
293 1455 415 1528 fatuam
445 1454 592 1521 deridere
624 1475 663 1520 ac
694 1455 959 1521 contradictiones
991 1455 1024 1520 in
1052 1455 1134 1520 chri-

169 1540 276 1605 stiana
301 1541 365 1606 fide
386 1539 499 1606 obrias
521 1546 710 1622 arroganter
730 1541 878 1613 ementiri
899 1541 1064 1606 solitorum
1085 1561 1133 1606 re-

170 1623 367 1708 darguendis
400 1633 433 1690 et
463 1625 649 1690 refellendis
678 1643 713 1698 se
742 1633 955 1707 agnoscerent
982 1627 1133 1710 impares.

169 1708 250 1776 Inde
269 1709 391 1774 factum
417 1715 481 1792 est,
511 1717 547 1773 ut
576 1729 675 1793 saepe
697 1708 730 1772 S.
753 1709 898 1774 Anselmi
921 1709 955 1773 in
976 1710 1133 1776 similibus

157 1793 417 1876 'cogitafionibus
438 1791 538 1856 defixi
559 1792 764 1874 exquirerent
784 1793 952 1858 consilium
973 1795 1015 1858 ab
1031 1814 1133 1877 eoque

170 1878 268 1942 eximi
289 1879 324 1942 in
351 1876 466 1961 quibus
490 1876 663 1942 haeserunt
692 1877 733 1943 de
756 1877 939 1961 perdifficili
958 1878 1016 1943 illa
1036 1898 1137 1962 quae--

162 1963 274 2028 'stione
305 1962 471 2046 scrupulos
503 1960 657 2028 studiose
679 1967 842 2050 peterent,
874 1983 935 2030 nec
964 1963 1133 2030 defuerunt

169 2047 288 2129 qui*ut
315 2048 428 2112 harum
452 2047 705 2130 disputationum
738 2067 894 2114 summam
919 2049 1133 2132 consignaret

168 2132 286 2218 literis,
328 2133 423 2197 enixe
466 2139 617 2215 rogarent
659 2132 735 2198 fidei
771 2132 935 2200 intellectu
971 2134 1132 2200 delectati.
1171 2161 1173 2166 ·

169 2218 260 2282 Haec
295 2218 404 2300 itaque
441 2217 548 2282 omnia
582 2216 739 2282 dederunt
775 2224 883 2284 nostro
924 2239 1021 2285 ansas
1060 2239 1132 2286 con·

169 2302 298 2368 ficiendi
338 2308 508 2380 tractatum
541 2301 626 2386 „Gur
658 2303 747 2368 Deus
774 2301 898 2369 Homo“
932 2303 1131 2389 inscriptum,

170 2406 264 2471 quern
285 2407 326 2452 ne
346 2387 489 2452 differret
512 2386 674 2472 evulgare,
697 2388 780 2455 inter
794 2388 875 2454 alios
890 2389 1030 2452 maxime
1047 2389 1131 2454 Boso

151 2471 342 2570 Monachus
356 2469 381 2558 1)
404 2470 563 2554 flagitavit
582 2477 615 2535 et
634 2471 827 2557 impetravit.

240 2671 264 2735 1)
294 2669 365 2724 cum
391 2687 445 2752 quo
473 2671 500 2726 S.
526 2673 676 2727 Anselmus
704 2672 758 2727 fuit
782 2674 947 2728 coniunctus
977 2674 1130 2729 arctissimo

167 2737 342 2809 paternitatis
366 2741 516 2810 sprritualis
541 2742 660 2798 vinculo.
696 2742 753 2798 cfr.
773 2743 935 2796 Eadmerua
953 2743 997 2798 De
1015 2743 1083 2798 Vita
1103 2744 1131 2799 S.

168 2808 203 2861 A.
223 2813 245 2876 1,
267 2813 312 2862 12:
337 2839 388 2875 „-—
400 2809 513 2880 quidam
532 2811 652 2865 Clericus
673 2817 766 2866 aetate
783 2812 898 2880 iuvenis,
917 2812 992 2866 Boso
1010 2813 1129 2881 nomine,

169 2878 289 2932 Beccum
320 2876 396 2930 venit
431 2878 551 2934 Abbatis
583 2881 749 2951 colloquium
776 2887 915 2951 expetens.
958 2882 1027 2935 Erat
1057 2881 1130 2936 enirn

169 2946 244 3001 idem
261 2961 326 2999 acer
344 2944 456 3016 ingenio
478 2955 505 3003 et
523 2947 690 3019 quibusdam
707 2951 846 3020 perplexis
862 2950 1071 3020 quaestionibus
1088 2950 1130 3003 in-

136 3055 138 3059 .
167 3016 292 3070 volverat
318 3012 452 3082 animum,
477 3033 528 3071 nec
551 3019 672 3088 reperire
696 3035 863 3101 quemquam
888 3025 998 3089 poterat
1033 3018 1063 3072 ui
1083 3035 1130 3072 eas

169 3083 222 3138 sibi
239 3084 276 3137 ad
295 3088 391 3136 votum
415 3085 561 3140 evolveret.
596 3087 726 3160 Loquens
753 3089 839 3160 igrtur
864 3104 927 3141 cum
945 3089 1021 3140 Ansc
1061 3102 1130 3142 oac

133 3153 150 3169 ’·
167 3153 253 3207 nodos
277 3152 303 3207 ei
324 3151 368 3205 sui
385 3153 475 3206 cordis
493 3153 672 3224 depromens,
696 3159 789 3212 omnia
806 3173 878 3227 quae
899 3155 1076 3210 desiderabat
1094 3154 1129 3210 ab

167 3237 201 3275 eo
226 3221 286 3276 sinc
312 3221 444 3292 scrupulo
470 3221 545 3278 disce
566 3224 678 3279 tationis
702 3226 818 3298 accepit.
853 3225 971 3279 Miratus
997 3239 1066 3295 ergo
1081 3224 1130 3279 ho·

168 3289 269 3344 minem
295 3297 338 3345 est
362 3297 390 3345 et
412 3289 498 3344 nimio
523 3242 597 3347 lidus
621 3311 714 3349 amore
738 3294 893 3348 devinctus.
929 3292 1036 3348 Dehinc
1063 3309 1130 3364 ergo

171 3373 256 3428 quum
274 3359 334 3412 eius
351 3359 519 3414 allocutione
537 3360 709 3418 familiariter
725 3364 869 3434 potiretur,
889 3361 997 3417 illectus
1015 3363 1053 3417 ad
1064 3379 1129 3417 con·

168 3431 284 3482 temtum
303 3428 408 3482 saeculi
425 3445 537 3484 emenso
552 3429 631 3486 brevi
649 3432 748 3502 spatio,
766 3431 850 3486 Bccci
867 3431 1021 3486 Monachus
1037 3431 1133 3486 factus
