2616 3826
227 316 270 382 38
409 312 437 369 S.
452 309 622 368 Anannlss
640 309 946 368 (summensis

230 486 280 536 ant
297 479 364 552 quia
378 478 487 535 tamdiu
505 485 587 535 erunt
602 479 708 551 populi,
726 480 814 536 donec
827 497 957 550 numerus
971 481 1133 553 angelorum

181 563 213 616 53
230 566 285 623 Dei
308 565 480 636 compleatur
503 583 537 632 er
560 564 725 623 hominibus.
759 565 797 620 Et
819 566 871 621 hoc
898 582 954 620 uno
973 565 1033 621 solo
1051 567 1134 623 modo

230 651 331 723 erponi
346 667 428 721 posse
443 651 537 706 rideo:
563 650 703 704 ommissis
722 651 853 704 umissos
865 652 1038 721 populum
1055 653 1135 707 inccta

231 754 373 792 umerum
390 737 519 807 filiorum
537 734 647 798 Israel,
674 734 777 805 idest,
802 735 869 806 qnia
890 736 973 804 (sicut
988 753 1074 808 supra
1093 737 1134 792 tli-

232 829 308 878 etnm
326 826 379 890 est)
397 820 505 876 tamdiu
521 826 602 876 erunt
620 820 716 891 populi
735 820 769 875 in'
780 821 834 876 hoc
847 823 966 892 saeculo,
984 823 1073 878 donec
1083 840 1134 878 nn·

182 907 216 958 54
232 926 323 964 merus
346 912 504 962 sanctornm
525 905 668 960 hominum
690 914 853 962 assumatur.
887 907 925 961 Et
943 907 1083 980 colligitur
1100 923 1135 964 ex

168 987 170 993 ’
232 1001 351 1065 utraque
366 991 561 1059 translations,
586 990 652 1062 quia
670 996 712 1048 tot
731 991 856 1048 homines
874 999 1048 1050 assumentur
1067 1000 1135 1066 quot

232 1084 422 1136 remanserunt
437 1076 538 1148 angeli.
573 1075 656 1132 Unde
679 1082 771 1133 nmen
796 1095 852 1133 non
876 1079 1014 1149 sequitur,
1039 1097 1135 1151 qnam-

232 1164 275 1220 vis
298 1163 402 1234 perditi
424 1161 519 1234 angeli
544 1179 577 1217 cx
600 1161 758 1218 hominibus
786 1163 960 1219 restaurandi
983 1168 1060 1234 sunt,
1092 1170 1135 1219 tot

183 1249 216 1300 ⁵5
232 1250 348 1320 angelos
376 1247 511 1303 cecidisse
540 1254 608 1319 quot
636 1254 889 1317 perseveraverunt
931 1247 1011 1312 Quod
1041 1255 1136 1304 tamen

234 1336 258 1390 si
286 1334 402 1403 dicitur,
428 1333 624 1390 inveniendum
651 1332 880 1405 erit,quomodo
902 1339 979 1400 ratae
1002 1351 1058 1392 non
1080 1335 1137 1389 sint

233 1435 317 1490 snpra
343 1416 453 1488 positae
478 1418 614 1487 rationes,
649 1433 721 1490 quas
750 1417 879 1472 videntur
903 1419 1049 1475 ostendere
1079 1435 1136 1475 non

233 1505 319 1560 fuisse
341 1505 371 1560 in
395 1504 513 1578 angelis,
537 1504 614 1575 prins
635 1519 720 1574 quam
737 1502 846 1558 illorum
865 1503 979 1575 quidam
996 1504 1136 1576 cndueut,

179 1603 181 1607 ·
233 1590 313 1646 illum
338 1589 492 1662 perfeetum
516 1605 661 1645 numerum
684 1605 766 1660 quem
790 1605 874 1660 supra
896 1589 969 1660 dixi,
993 1594 1022 1645 et
1041 1589 1136 1660 plnres

184 1684 217 1734 56
233 1673 356 1732 homines
368 1674 470 1730 electos
481 1675 590 1730 futuros
603 1691 688 1748 quam
700 1672 756 1728 sint
767 1673 834 1727 muli
848 1674 949 1748 angeli.
983 1677 1053 1730 Bos.
1071 1674 1137 1731 Non

233 1775 277 1816 me
295 1759 420 1832 poenitet
437 1761 504 1833 quin
525 1761 605 1834 coegi
625 1768 668 1826 to,
692 1765 725 1814 nt
744 1759 780 1813 de
800 1759 908 1831 angelis
927 1759 997 1816 hnoc
1015 1759 1136 1825 dicerem

232 1861 299 1902 nans
325 1863 382 1902 non
406 1830 642 1903 frusua'fsotum
673 1852 723 1902 est.
757 1845 840 1902 Nunc
863 1845 924 1901 redi
948 1843 1037 1900 adid
1061 1846 1137 1902 unde

221 1931 353 2004 dign-ossi
370 1947 473 1988 snmus.

202 2180 215 2232 l
317 2149 387 2237 lll-
429 2182 500 2238 Aac.
521 2181 638 2236 Constat
648 2181 741 2236 Deum
753 2181 937 2252 proposuisse,
955 2188 988 2237 ut
1001 2182 1038 2236 de
1052 2183 1138 2239 homi-

234 2266 317 2324 nibus
338 2267 454 2340 angelos
473 2266 521 2339 qui
541 2267 701 2323 ceciderant
718 2271 894 2324 restamnret
929 2269 996 2324 Boe.
1025 2267 1139 2324 Certum

201 2359 286 2414 nost
320 2354 391 2409 Aua.
407 2353 490 2410 Tales
518 2370 584 2425 ergo
610 2357 719 2422 oportet
738 2369 798 2408 esse
814 2352 938 2408 homines
958 2353 988 2408 in
1004 2352 1054 2409 illa
1072 2355 1139 2410 civi·

233 2445 294 2497 tate
310 2456 431 2512 superna
449 2437 497 2510 qui
515 2454 566 2508 pro
586 2436 692 2508 angelis
713 2437 744 2493 in
765 2438 842 2492 illem
861 2445 1048 2510 assumentur,
1071 2456 1139 2513 qna·

234 2525 276 2581 les
295 2526 337 2581 illi
360 2525 448 2580 futuri
473 2524 513 2579 ibi
540 2529 632 2593 crant,
657 2540 708 2595 pro
731 2523 833 2595 quibus
854 2521 957 2578 ibidem
980 2527 1095 2582 erunti,
1114 2543 1138 2583 e.

235 2611 333 2683 quales
359 2629 434 2666 nnnc
458 2616 523 2665 sunt
544 2611 612 2666 boni
637 2609 745 2681 angeli3
768 2608 891 2679 alioquin
913 2626 970 2665 non
995 2617 1076 2666 erunt
1097 2629 1139 2667 re·

235 2696 353 2752 staurati
372 2696 421 2767 qui
438 2697 610 2764 ceciderunt,
632 2701 659 2750 et
677 2699 819 2766 sequutum,
837 2693 905 2765 quia
920 2695 997 2752 Deus
1017 2703 1139 2752 autnon

215 2781 340 2851 poterit
369 2780 502 2853 perficere
529 2779 632 2836 bonum
663 2779 739 2852 quod
758 2778 877 2850 incepit,
910 2786 960 2835 aut
986 2781 1140 2852 poenitebit

236 2882 300 2922 cnm
322 2871 432 2922 tantum
455 2865 560 2920 bonnm
583 2865 736 2936 incepisse,
760 2881 833 2935 quae
854 2865 910 2922 duo
926 2867 1050 2924 absurda
1066 2871 1139 2922 suut

204 2950 220 3002 3
238 2953 306 3006 Bos.
333 2949 408 3006 Vero
425 2956 534 3020 oportet
547 2956 579 3005 ut
596 2950 726 3022 sequelae
743 2949 800 3004 sint
815 2950 940 3007 homines
956 2952 1036 3009 bonis
1055 2966 1139 3027 ange·

236 3035 280 3090 lis.
322 3035 393 3090 Aua.
427 3035 500 3090 Boni
526 3035 620 3108 angeli
646 3051 805 3106 unquamne
832 3036 1036 3108 peceaverunt?
1070 3036 1140 3092 Bos.

204 3120 308 3177 lNon
343 3121 412 3176 Ans.
430 3121 550 3177 Potesne
571 3121 710 3192 cogitare,
730 3123 806 3192 qnod
821 3122 903 3177 homo
923 3121 972 3191 qui
989 3120 1140 3191 aliqnando

236 3207 364 3276 peccavit
391 3223 443 3264 nec
474 3222 597 3278 unquam
620 3204 681 3262 Deo
710 3225 761 3278 pro
783 3213 898 3280 peccato
923 3221 973 3260 suo
998 3205 1141 3274 satisfecit,

236 3290 287 3344 sed
303 3297 412 3346 tantum
428 3291 582 3363 impunitus
602 3291 758 3362 (limittitsu,
778 3292 901 3364 aequalis
919 3291 955 3346 sit
972 3289 1072 3360 angelo
1091 3289 1141 3360 qui

204 3380 377 3446 5nunquam
395 3377 541 3449 peccavit?
576 3380 643 3434 Bos.
679 3378 775 3434 Verba
790 3378 845 3433 iste
863 3373 986 3443 cogitare
1002 3379 1032 3428 et
1048 3371 1141 3429 dicere
