2616 3826
403 353 406 364 '
435 353 511 414 CUR
529 357 767 420 DEUSHOMO.
787 353 902 422 ›11.‘1r.
1086 373 1127 440 83

220 524 384 582 necessitate
419 533 550 584 astruere.
594 528 670 585 Hac*
689 533 815 603 sequenti
838 531 875 591 'et
901 529 971 593 nihil
996 539 1129 598 efficienti
1145 546 1179 598 27

219 609 399 681 necessitate,
428 613 559 684 quoniam
588 631 654 669 vera
680 601 735 669 fuit
759 615 829 674 fides
854 621 899 676 vel
922 625 1069 695 prophetia
1093 627 1128 684 dc

220 689 340 765 Christo,
360 697 426 768 quia
444 715 478 752 ex
503 699 646 756 voluntate
670 718 725 757 non
744 719 777 758 ex
794 705 960 763 necessitate
979 710 1127 768 moriturus
1171 745 1174 752 ·

218 783 285 848 eret,
304 795 417 837 necesse
433 782 489 837 fuit
501 789 539 848 ,ut
554 785 595 839 sic
613 792 699 856 esset3
716 786 769 843 hac
785 788 868 846 homo
887 789 979 847 factus
998 801 1054 858 est3
1074 796 1128 854 hac

203 861 286 918 'fecit
301 872 329 920 et
346 883 446 938 passus
464 874 507 924 est
523 870 660 943 quidquid
678 871 746 926 fecit
763 879 791 928 et
809 889 911 945 pessus
928 885 986 948 est3
1008 877 1063 935 hac
1079 899 1127 936 vo·

218 948 271 1003 luit
292 967 474 1025 quaecunque
498 955 593 1010 voluit
628 956 696 1012 Ideo
722 958 795 1014 enirn
823 962 988 1020 necessitate
1013 964 1127 1024 fuerunt
1143 972 1176 1026 28

216 1036 284 1106 quia
300 1036 397 1092 future
422 1046 514 1110 eraut,
538 1045 568 1096 et
589 1041 684 1098 funus
701 1049 781 1097 erant
800 1045 866 1116 quia
884 1046 1011 1120 fuerunt,
1036 1056 1065 1106 et
1082 1051 1125 1107 fu-

214 1128 297 1176 erunt
314 1123 381 1194 quia
397 1124 523 1196 fuemnt3
544 1132 573 1184 et
591 1128 615 1186 si
632 1127 675 1182 vis
691 1129 814 1184 omnium
831 1148 903 1202 quae
921 1132 989 1190 iecit
1006 1141 1036 1190 et
1052 1153 1124 1208 quae

214 1221 314 1276 passus
349 1215 408 1280 est,
448 1227 543 1266 veram
578 1212 650 1267 scire
683 1214 891 1286 necessitatem,
927 1219 996 1274 scito
1012 1217 1017 1227 ’
1031 1221 1124 1277 omnis

213 1306 249 1344 ex
266 1294 432 1351 necessitate
449 1296 549 1362 fuisse,
568 1298 634 1370 quia
652 1299 712 1368 ipse
729 1299 826 1354 voluit.
861 1301 1042 1358 Voluntatem
1057 1321 1123 1361 vero
1140 1307 1174 1360 29

211 1377 273 1430 eius
301 1379 380 1434 nulla
406 1383 559 1452 praecessit
582 1383 742 1440 necessitas.
780 1384 871 1454 Quare
897 1387 994 1444 sinon
1010 1383 1124 1446 fuerunt

213 1463 267 1517 nisi
285 1465 352 1536 quia
368 1466 429 1537 ipse
446 1469 544 1539 voluit,
571 1470 596 1524 si
614 1487 670 1525 non
688 1471 821 1528 voluisset
839 1489 895 1527 nou
912 1473 1038 1530 fuissent.
1075 1475 1123 1532 Sic

212 1547 308 1620 itaque
330 1566 412 1607 nemo
433 1554 500 1608 tulit
524 1555 645 1609 enimam
666 1555 780 1612 eiusab
799 1557 861 1628 illo,
885 1559 935 1614 sed
952 1557 1012 1630 ipse
1029 1563 1123 1631 posuit

213 1627 273 1688 eam
291 1641 320 1690 et
341 1637 442 1692 iterum
467 1639 565 1694 sumsit
585 1641 661 1706 eam3
688 1641 755 1710 quia
774 1645 940 1710 potestatem
956 1642 1056 1698 habuit
1072 1661 1122 1715 po·

212 1719 297 1772 nendi
315 1721 436 1776 animem
453 1741 531 1778 suam
550 1725 697 1779 etiterum
720 1725 849 1780 sumendi
874 1742 948 1797 cam,
972 1727 1121 1801 sicutipse

214 1803 292 1860 dixit.
299 1807 319 1874 ι)
357 1807 425 1862 Bos.
456 1807 622 1864 Satisfeeisti
638 1809 717 1878 mihi,
739 1809 819 1865 illum
834 1827 892 1866 ,non
909 1829 993 1883 posse
1008 1813 1121 1884 probari
1138 1818 1171 1870 30

211 1890 271 1945 ullu
297 1891 462 1950 necessitate
486 1900 601 1950 mortem
624 1893 759 1965 subiisse3
782 1913 834 1951 nec
859 1914 904 1952 me
927 1899 1066 1968 poenitet,
1089 1906 1121 1955 ut

211 1975 264 2031 hoc
291 1977 397 2033 iaceres
423 1973 610 2049 importunum
635 1979 688 2038 tibi
717 1979 848 2038 extitisse.
885 1983 954 2038 Aac.
991 1982 1121 2039 Ostendi·
1137 1989 1168 2041 31

211 2080 281 2132 mus,
304 2069 337 2118 ut
352 2070 435 2136 puto,
463 2070 567 2120 certam
590 2067 739 2136 rationem,
765 2069 903 2138 quomodo
920 2068 997 2124 Deus
1014 2083 1120 2124 assum·

211 2149 278 2204 serit
299 2149 439 2206 hominem
463 2150 523 2206 sine
548 2157 664 2222 peccato
691 2153 727 2208 de
753 2169 846 2208 massa
872 2155 1043 2226 peccatrice3
1070 2154 1120 2210 sed

209 2251 388 2308 nequaquam
411 2237 570 2308 negandum
592 2238 708 2293 aestimo
730 2239 813 2292 aliam
832 2253 892 2294 esse
909 2230 1020 2310 praeter
1036 2241 1119 2294 istam

210 2337 294 2390 quem
320 2321 451 2392 diximus,
481 2327 597 2398 excepto
622 2323 676 2377 hoc
690 2325 771 2394 ¹quia
796 2322 875 2378 Deus
900 2325 993 2379 facere
1018 2329 1120 2394 potest,

209 2407 286 2474 quod
309 2406 428 2461 hominis
453 2407 524 2461 ratio
546 2407 778 2477 comprehendere
797 2425 856 2462 non
873 2414 972 2477 potest.
1012 2408 1117 2464 Verum
1135 2413 1168 2466 32

210 2482 341 2560 quoniam
359 2497 388 2546 et
405 2492 460 2546 ieta
476 2489 544 2544 mihi
562 2490 673 2545 videtur
689 2509 771 2562 posse
788 2491 927 2566 sufficere,
946 2495 974 2544 et
993 2491 1016 2544 si
1034 2491 1118 2546 aliam

210 2591 284 2628 nune
303 2575 442 2646 inquirere
467 2575 567 2630 vellem
594 2591 708 2631 necesse
735 2583 809 2631 esset
838 2575 1018 2646 investigare,
1049 2576 1117 2646 quid

208 2659 247 2712 sit
271 2659 406 2731 originale
430 2664 576 2731 peccatum
600 2667 628 2714 et
645 2661 782 2732 quomodo
805 2677 822 2714 a
841 2660 937 2731 primis
953 2661 1116 2731 perentibus

208 2744 238 2798 in
253 2745 413 2801 universum
430 2763 518 2818 genus
529 2746 681 2799 humanum
699 2752 810 2817 praeter
826 2746 914 2816 illum,
932 2747 967 2802 de
984 2765 1039 2820 quo
1057 2749 1116 2820 agi·

208 2847 283 2901 mus,
313 2831 451 2886 hominem
484 2831 672 2901 diffundetur3
708 2838 738 2887 et
767 2831 889 2887 incidere
920 2832 949 2886 in
980 2834 1116 2905 quasdam
1168 2865 1169 2869 ,

207 2916 278 2975 elias
302 2916 477 2988 quaestiones
500 2911 572 2988 quae
597 2933 678 2970 suum
706 2917 849 2987 postulant
876 2921 1041 2986 tractatum
1074 2933 1114 2988 ee,
1178 2969 1184 2984 ,
1209 2931 1230 2975 ‚¹

208 3019 292 3074 quam
310 3001 437 3070 diximus,
455 3003 562 3058 ratione
579 3002 702 3056 contenti
720 3019 791 3072 quae
812 3002 846 3056 de
864 3001 991 3072 incoepto
1008 3007 1115 3056 restant

206 3104 290 3159 opere
306 3104 514 3158 prosequamur.
552 3089 621 3142 Boe.
651 3087 692 3144 Ut
715 3088 773 3157 vis;
796 3086 846 3141 sed
869 3103 901 3140 eo
918 3091 1015 3156 pacto,
1034 3090 1113 3140 uttu
1131 3091 1164 3144 33

205 3173 357 3244 aliquando
382 3172 532 3232 auxiliante
556 3173 618 3228 Deo
641 3172 717 3226 illam
746 3173 828 3228 eliam
857 3171 1002 3240 rationem,
1029 3185 1112 3240 quam

206 3246 281 3320 nuno
309 3258 447 3330 inquirere
479 3257 565 3328 vitas,
602 3258 684 3331 quasi·
713 3258 836 3316 debitum
859 3256 992 3313 exsolvas.
1039 3258 1111 3312 Aur.
1130 3265 1164 3316 34

276 3413 300 3480 1)
319 3411 375 3468 Ofr.
394 3412 489 3468 Iounn.
511 3419 551 3492 19,
571 3418 611 3470 18.
944 3497 961 3532 e

922 3503 938 3552 6
