2616 3826
244 293 288 360 10
428 289 466 346 So
476 287 652 346 Ausum·
665 287 972 347 edificemus

243 459 556 529 ramosissimum,
585 463 614 514 et
637 458 674 517 ab
695 455 1153 530 hoearcuth‘ligcritsrintm-

194 549 227 602 10
244 546 320 604 tibus
330 552 427 606 totum
449 545 553 600 iustum
569 548 620 600 aut
644 543 777 598 iniustum
793 541 918 598 iudicari.
951 543 1055 599 Evenit
1070 543 1152 616 eru'n,

243 637 277 688 ut
295 631 396 704 aliquis
416 631 592 698 innocentem
609 626 749 700 percutiat
767 626 884 698 iniusta,
909 629 985 684 uude
1000 629 1061 702 ipse
1078 631 1153 687 iuste

243 717 353 790 percuti
370 721 522 784 mereatur;
549 715 574 769 si
598 720 692 771 umen
712 729 860 784 percussus
885 713 1029 772 vindicare
1045 732 1077 771 so
1094 731 1152 771 nen

245 802 329 860 debet
355 807 384 858 et
409 801 531 874 percutit
558 800 761 872 percutientem
788 817 832 868 se,
865 799 968 856 iniuste
997 799 1051 855 hoo
1074 799 1152 856 iacit

194 887 222 939 11
243 887 323 944 Haec
354 887 440 958 igitur
466 886 608 958 percussio
637 903 671 942 ex
699 891 780 957 parte
811 885 1022 956 repercutientis
1048 883 1153 940 iniusta

243 979 295 1040 cst,
320 974 463 1044 quianon
487 971 585 1055 debuit
613 988 643 1027 se
666 971 822 1043 vindicare3
849 989 883 1027 ex
905 976 985 1043 purte
1007 987 1073 1026 vero
1089 985 1152 1050 μ-

243 1057 319 1112 euasi
336 1057 423 1126 iusta,
450 1057 516 1128 quia
533 1056 636 1113 iniuste
653 1057 811 1128 percutiens
828 1055 902 1112 iuste
918 1055 1027 1127 percuti
1042 1054 1151 1112 meruit

82 1217 85 1223 Ι
144 1157 153 1164 ’
195 1143 362 1199 universo
384 1141 471 1212 igitur
495 1142 598 1198 intuitu
622 1141 697 1197 iusta
721 1147 750 1198 et
774 1142 878 1198 iniusta
895 1146 939 1198 est
955 1141 1053 1198 cedem
1069 1141 1151 1212 actio,

245 1230 310 1302 quia
325 1229 488 1300 contingere
503 1233 596 1298 potest
625 1227 662 1283 ab
690 1228 745 1282 alio
771 1227 889 1284 iudicari
911 1227 1012 1286 iustam
1034 1233 1151 1297 uotum,

244 1317 280 1372 ab
307 1315 362 1369 alic
387 1314 528 1372 iniustam.
571 1313 634 1368 Hoc
662 1313 758 1385 itaque
784 1313 867 1376 modo
893 1312 1022 1369 diabolus
1048 1312 1152 1369 dicitur

243 1400 316 1454 iuste
341 1416 442 1456 vexare
464 1399 617 1470 homiuem,
645 1398 711 1470 quia
733 1398 811 1457 Deus
838 1399 892 1454 hoc
923 1399 996 1454 iuste
1018 1397 1153 1469 permittit

195 1486 226 1540 13
244 1491 273 1540 et
297 1485 380 1540 homo
404 1485 458 1542 hoc
486 1485 559 1541 iuste
582 1483 694 1556 patitur.
730 1483 787 1540 Sed
816 1489 845 1540 et
869 1485 935 1554 hoc,
965 1485 1040 1556 quod
1069 1485 1151 1541 homo

243 1570 316 1626 iusta
335 1570 438 1626 dicitur
456 1571 524 1642 pati,
541 1587 598 1626 nou
617 1587 668 1624 sua
685 1569 794 1626 iustitia
810 1571 883 1626 iuste
903 1569 1004 1625 dicitur
1015 1571 1083 1641 pati,
1101 1569 1152 1624 sed

193 1660 226 1712 14
243 1654 311 1727 quia
334 1657 450 1728 punitur
470 1657 544 1712 iusto
568 1654 674 1714 iudicio
696 1654 760 1713 Dei.
800 1656 842 1712 At
864 1654 888 1711 si
910 1654 1071 1711 obtenditur
1084 1653 1152 1712 ,chi-

242 1742 413 1814 rographum
431 1743 504 1798 illud
526 1743 645 1808 decreti,
672 1741 746 1814 quod
763 1742 910 1798 adversum
930 1758 980 1796 nos
1000 1739 1069 1795 dicit
1083 1756 1151 1812 apo·

240 1828 329 1884 stolus
338 1829 358 1897 ¹)
383 1828 469 1884 fuisse
492 1835 521 1884 et
544 1845 594 1900 per
615 1835 732 1884 mortem
754 1827 857 1884 Christi
881 1826 1002 1883 deletum
1019 1842 1095 1896 esse3
1124 1831 1152 1880 st

242 1919 325 1985 putat
347 1913 463 1985 aliquis,
486 1931 537 1985 per
558 1913 629 1969 illud
654 1913 819 1984 significari,
843 1913 910 1983 quia
926 1911 1055 1968 diabolus
1071 1911 1152 1986 quasi

243 1997 296 2054 sub
321 1998 467 2052 cuiusdam
490 1998 566 2068 pacti
590 1995 774 2067 chirographo
798 1997 835 2051 ab
857 1997 969 2051 homine
990 1996 1063 2054 iuste
1086 2001 1151 2053 unte

243 2080 401 2151 passionem
426 2079 528 2135 Christi
551 2086 719 2152 peccaturus
737 2081 816 2135 velut
841 2097 955 2136 usuram
979 2079 1062 2151 pn’mi
1087 2098 1152 2152 pec-

244 2165 301 2222 cati
320 2165 395 2236 quod
412 2165 551 2236 persuasit
569 2165 691 2234 homini,
715 2169 743 2220 st
759 2181 877 2236 poenam
893 2164 1003 2236 peceati
1020 2165 1152 2238 exigeret,

244 2256 276 2304 ut
296 2267 346 2321 per
364 2250 417 2306 hoc
435 2251 568 2306 iustitiam
586 2267 664 2306 suam
682 2266 766 2322 super
786 2249 924 2306 hominem
942 2249 1073 2306 videatur
1088 2268 1152 2323 pro·

193 2333 226 2390 15
244 2336 327 2406 bare,
351 2353 527 2408 nequequam
549 2337 591 2392 ita
614 2335 827 2408 intelligendum
849 2341 926 2407 pute.
942 2381 943 2384 ,
962 2335 1071 2408 Quippe
1095 2336 1152 2393 ehi·

243 2422 414 2495 ecgraphum
441 2421 512 2476 illud
538 2440 595 2479 non
622 2428 666 2478 est
691 2421 809 2492 diaboli,
842 2421 909 2494 quia
936 2420 1151 2494 chirographum

244 2509 347 2570 dieitur
370 2507 486 2590 decreti,
510 2507 652 2581 decretum
673 2513 767 2563 autem
789 2507 861 2562 illud
882 2523 940 2562 non
964 2512 1025 2562 erat
1048 2506 1152 2566 diaboli

244 2709 312 2780 quia
329 2727 381 2765 uec
399 2711 452 2766 iste
470 2711 579 2782 percuti
595 2728 647 2768 nec
665 2711 713 2768 ille
731 2717 876 2783 percutere
894 2710 993 2783 debet3
1019 2725 1061 2768 ex'
1075 2716 1150 2780 utra-

243 2795 299 2849 que
317 2787 398 2849 porte
416 2796 472 2834 non
494 2786 641 2849 recteest,
659 2783 726 2852 quia
738 2787 883 2837 exneutru
914 2785 973 2836 arte
987 2781 1071 2837 debet
1082 2795 1151 2845 esse,

242 2847 391 2918 percussio.
427 2847 497 2904 Cum
521 2867 588 2906 vero
612 2867 734 2921 peccans
754 2851 790 2904 ab
807 2865 880 2920 coa
916 2865 999 2922 quem
1016 2863 1073 2905 non
1088 2863 1151 2920 per·

241 2917 326 2986 tinet,
348 2917 517 2988 percutitur:
548 2919 679 2988 quoniam
702 2924 731 2974 et
756 2919 809 2974 ists
832 2919 917 2976 debet
933 2919 1042 2990 percuti
1058 2923 1086 2972 et
1103 2915 1151 2971 iile

241 3001 298 3042 non
324 2986 408 3042 debet
431 2993 589 3058 percutere:
618 2989 703 3044 debet
722 2993 751 3043 et
773 3005 830 3042 non
853 2987 939 3044 debet
962 3003 1022 3042 esse
1039 3001 1151 3084 percus-

243 3055 294 3123 sio,
310 3061 340 3111 et
358 3055 421 3112 ideo
439 3062 517 3112 recta
534 3065 564 3111 et
583 3072 640 3110 uon
657 3061 734 3113 recta
748 3055 846 3128 negari
865 3073 922 3112 uon
940 3055 1060 3127 potest‘

316 3141 341 3210 1)
360 3140 465 3198 Coloss.
486 3148 509 3212 2,
532 3147 578 3198 14:
604 3141 751 3207 ἔξαλὲίψας
774 3139 806 3196 τὸ
825 3143 890 3196 καθ’
908 3139 989 3216 ἡμῶν
1001 3158 1046 3210 χει
1073 3133 1158 3212 ’ρψ

240 3225 301 3282 φον
331 3217 406 3272 τοῖς
432 3208 498 3281 ddy
531 3225 615 3266 cors
639 3209 656 3265 δ’
683 3207 719 3280 ἦν
743 3211 909 3267 intraretur
930 3208 1008 3282 ἡμῖν.
1075 3209 1149 3283 ιιΙΒρ

243 3279 358 3346 ¹„delens
376 3279 451 3350 quod
468 3233 603 3336 adderem
613 3297 664 3335 nos
677 3288 737 3337 erut
748 3281 823 3336 chiro
874 3279 962 3350 phum
973 3277 1151 3356 dueum

239 3347 606 3416 iviosswaucnomon
625 3295 902 3416 N,T.ah.f.n·
949 3359 951 3364 ‘
