2616 3826
234 319 280 386 -80
421 315 448 373 S.
466 315 636 375 ANSELMI
655 310 962 373 OAN'I'UARIENSIS

202 482 295 545 titas..
322 485 455 551 Quotiens
483 504 602 560 namque
631 486 733 541 dicitur
758 483 836 538 Dens
860 499 917 538 non
944 498 1039 556 posse,
1064 483 1143 542 nulla

235 576 354 642 negatur
380 571 410 628 in
437 590 469 629 ao
496 579 634 644 potestas,
652 573 718 630 ,sed
745 567 942 642 insuperabilis
968 570 1141 642 significatur

234 657 360 727 potentia
372 663 400 713 et
411 657 554 715 fortitudo.
571 658 636 715 Non
648 657 722 713 enim
733 658 811 713 aliud
821 655 995 727 inteligitur,
1006 655 1060 710 nisi
1075 655 1141 727 quia

234 743 312 797 nulla
323 759 366 798 ras
378 750 471 814 potest
489 743 607 810 efficere,
625 751 657 799 ut
674 751 741 816 agat
758 743 806 798 illc
824 742 898 814 quod
915 745 1034 814 negatur
1050 757 1140 812 posse.

143 885 145 889 .
201 828 216 876 7
233 827 307 886 Nam
324 829 441 884 multum
459 829 563 884 usitata
587 818 630 885 est
656 829 813 886 huiusmodi
838 827 956 896 locutio,
982 833 1015 881 ut
1027 826 1142 882 ‘dicatur

233 931 278 970 res
295 914 391 986 aliqua
407 932 502 985 posse,
527 933 583 971 non
608 915 675 988 quia
699 914 796 970 inilia
821 913 1020 984 sedquoniam
1037 911 1066 966 in
1086 911 1141 967 alia

150 1041 159 1060 .
233 1015 263 1055 re
280 1004 323 1052 ost
338 1005 480 1068 potestas3
507 1005 536 1056 at
552 1017 608 1056 non
624 1018 722 1072 posse,
745 1017 801 1054 non
827 998 957 1071 quoniam
977 997 1005 1051 in
1022 997 1071 1051 illa
1089 999 1140 1052 sed

200 1085 215 1136 8
234 1083 301 1156 quia
322 1083 352 1138 in
374 1083 430 1139 alia
453 1103 483 1142 ra
507 1093 549 1142 est
571 1085 742 1158 impotentia.
777 1085 905 1141 Dicimus
923 1097 1060 1154 namque:
1085 1082 1139 1137 iste

232 1167 314 1222 homo
331 1172 424 1237 potest
440 1169 528 1241 vinci,
552 1189 618 1242 pro:
643 1172 743 1244 aliquis
761 1176 853 1242 potest
870 1185 932 1224 eum
950 1167 1073 1237 vinccre;
1099 1173 1139 1222 et:

232 1252 281 1308 ille
305 1270 361 1307 non
385 1257 477 1324 potest
501 1256 590 1328 vinci,
621 1275 687 1328 pro:
714 1256 807 1311 nullus
834 1272 897 1310 eum
914 1252 1025 1307 vincere
1040 1259 1140 1322 potest.

197 1337 387 1408 '9N9110111m
406 1343 530 1409 potestas
550 1347 593 1397 cst
616 1360 699 1415 posse
725 1341 800 1396 vinci
821 1341 869 1395 scd
887 1338 1063 1408 impotentia,
1086 1353 1138 1392 nec

183 1428 215 1478 10
232 1421 307 1476 vinci
325 1439 381 1476 non
397 1441 478 1494 posse
499 1424 664 1497 impotentia
682 1433 725 1483 est
750 1427 800 1481 sed
825 1428 958 1496 potestas.
993 1422 1054 1478 Nec
1073 1421 1139 1477 dici·

231 1523 292 1561 mus
316 1507 408 1562 Deum
433 1512 597 1568 necessitate
621 1513 713 1568 facere
737 1510 842 1582 aliquid
865 1526 911 1577 eo,
938 1507 1014 1579 quod
1038 1509 1067 1562 in
1091 1507 1138 1562 illo

232 1590 269 1646 sit
290 1592 350 1646 ulla
375 1595 539 1668 necessitas,
563 1599 613 1655 sed
636 1597 767 1672 quoniam
792 1601 835 1651 est
856 1594 885 1649 in
904 1593 969 1659 alio,
991 1593 1065 1647 sicut
1082 1592 1138 1646 dixi
1172 1646 1178 1657 ,

183 1682 212 1734 11
232 1677 267 1733 de
284 1677 454 1750 impotentia,
471 1681 583 1752 quando
602 1682 703 1740 dicitur
719 1701 776 1739 non
793 1699 882 1754 posse.
920 1677 1016 1733 Omnis
1035 1678 1139 1751 quippo
1214 1733 1217 1738 .

230 1763 382 1819 necessitas
412 1770 454 1819 est
483 1773 532 1822 aut
564 1769 670 1826 coactio
697 1775 746 1825 aut
772 1765 936 1840 prohibitiot
966 1781 1038 1835 quae
1068 1763 1139 1819 duae

230 1848 408 1906 necessitates
437 1858 636 1909 convertrmtur
666 1854 784 1912 invicem
816 1849 966 1919 condaris,
997 1849 1069 1904 sicut
1094 1863 1139 1903 ne

183 1937 214 2014 ¹²,
231 1950 308 1990 casse
335 1941 364 1990 st
389 1936 567 2008 impossibile.
609 1939 759 2013 ‘Quidquid
785 1954 906 2010 namque
935 1935 1044 2006 cogitur
1071 1948 1139 1997 esse,
1227 1949 1231 1956 ·

230 2017 394 2088 prohibetur
416 2037 471 2075 non
494 2038 568 2092 esse,
593 2028 622 2077 et
645 2024 721 2094 quod
746 2021 855 2094 cogitur
872 2037 929 2076 non
949 2035 1022 2088 esse,
1047 2019 1139 2090 prohi-

231 2104 313 2158 betur
336 2121 411 2173 csse;
437 2107 670 2175 quemadmodum
696 2107 771 2177 quod
794 2121 908 2159 necesse
931 2111 1065 2174 estesse,
1089 2105 1140 2159 im-

198 2223 208 2244 .
230 2188 363 2261 possibile
386 2194 508 2244 estnon
533 2206 604 2258 esse,
631 2195 660 2244 et
686 2189 761 2262 quod
787 2205 902 2244 necesse
926 2195 967 2245 est
992 2205 1048 2243 non
1068 2207 1137 2260 esse,

182 2279 213 2331 13
231 2273 401 2346 impossibile
420 2281 553 2346 estesse,
577 2283 605 2331 et
623 2275 783 2331 conversim.
818 2273 889 2328 Cum
909 2277 1003 2329 autem
1021 2273 1138 2330 dicimus

231 2360 337 2433 aliquid
361 2377 475 2418 necesse
501 2378 562 2417 csse
583 2367 633 2417 aut
657 2379 714 2416 non
733 2379 792 2418 esse
811 2361 840 2415 in
860 2360 937 2428 Deo,
961 2375 1018 2413 non
1037 2359 1138 2416 intelli·

230 2446 318 2518 gitur,
344 2447 419 2518 qnod
445 2447 481 2502 sit
505 2448 535 2502 in
558 2447 606 2504 illo
623 2446 775 2503 necessitas
794 2452 844 2501 aut
861 2461 963 2516 cogens
981 2451 1030 2500 aut
1046 2445 1137 2516 prohi-

231 2529 314 2602 bens,
343 2533 393 2586 scd
413 2532 599 2605 significatur,
627 2534 702 2604 quod
721 2533 750 2587 in
770 2529 897 2588 omnibus
917 2530 978 2585 aliis
996 2531 1079 2587 rebus
1096 2537 1138 2586 ast

230 2616 381 2672 necessitas
409 2618 559 2689 prohibens
588 2634 635 2674 eas
659 2618 752 2674 facere
774 2623 802 2673 et
826 2632 930 2688 cogens
955 2633 1012 2671 non
1032 2615 1138 2686 facere3

182 2696 213 2748 14
231 2707 327 2755 contra
349 2701 402 2757 hoc
426 2703 500 2773 quod
525 2704 560 2759 de
583 2704 644 2758 Deo
672 2704 781 2759 dicitur.
822 2702 895 2758 Nam
925 2718 989 2756 cum
1012 2702 1137 2770 dicimus,

231 2787 305 2856 quod
325 2803 438 2842 necesse
457 2795 500 2844 est
515 2789 607 2845 Deum
630 2806 739 2862 semper
756 2805 851 2843 verum
869 2785 962 2842 dicere
980 2793 1008 2841 ct
1024 2801 1138 2842 necesse

158 2863 160 2869 ⁸
231 2877 273 2926 est
289 2885 352 2924 eum
371 2889 513 2944 nunquam
530 2873 656 2943 mentiri3
680 2891 738 2930 non
764 2873 866 2927 dicitur
885 2872 975 2941 aliud,
1000 2871 1054 2926 nisi
1073 2870 1138 2944 quis

231 2960 310 3011 tanta
327 2961 370 3012 est
394 2957 423 3010 in
448 2957 503 3022 ilio
520 2960 675 3014 constantia
702 2959 830 3015 servandi
854 2959 1011 3026 veritatem,
1036 2964 1067 3011 ut
1090 2971 1137 3009 ne-
1198 2991 1203 3008 ,

186 3047 191 3055 ’
230 3059 306 3100 cesse
332 3043 369 3098 sit
391 3043 498 3098 nullum
520 3061 578 3099 rem
601 3044 692 3100 facere
708 3061 803 3115 posse,
826 3049 859 3097 ut
876 3059 973 3097 serum
989 3059 1045 3096 non
1063 3038 1139 3094 dicat

180 3123 211 3173 15
230 3132 280 3181 aut
299 3133 330 3184 ut
349 3129 505 3185 mentiatur.
541 3128 716 3200 Quapropter
735 3147 799 3185 cum
816 3129 949 3197 dicimus,
971 3128 1036 3198 qnia
1054 3124 1136 3178 homo

229 3211 290 3282 ille,
309 3214 356 3286 qui
380 3215 530 3270 secundum
551 3214 686 3271 unitatem
708 3231 843 3286 personae
863 3213 946 3283 (sicut
963 3227 1048 3282 supra
1057 3211 1077 3280 ¹)
1096 3209 1135 3262 di·

300 3369 324 3435 1)
344 3385 367 3424 c.
388 3376 412 3426 7.
