2616 3826
405 292 482 350 OUR
499 293 599 350 DEUS
615 291 733 350 HOMO.
768 281 792 350 1ss
812 298 851 349 1⁸.
1034 291 1077 356 33

170 466 243 519 Ans.
271 461 365 516 Aliam
388 463 479 518 adhuc
504 465 628 520 eiusdem
655 463 808 520 sententiae
834 479 915 533 posse
934 461 991 516 dici
1007 466 1078 533 puto

170 549 314 605 rationem.
346 550 414 603 Bos.
431 549 513 604 Hanc
533 564 644 620 quoque
660 547 784 620 proferre
804 547 897 603 debes.
923 548 993 602 Aac.
1012 547 1077 602 Cre·
1095 551 1128 602 27

171 635 262 690 dimus
285 633 358 688 hanc
385 633 482 688 mundi
507 635 609 690 molem
635 651 797 704 corpoream
820 634 850 687 in
875 633 974 688 melius
998 651 1077 688 reno·

170 721 292 776 vandum
308 735 360 774 nec
377 719 430 773 hoc
447 719 572 774 futurum
593 735 662 784 esse,
680 720 768 776 donec
788 719 935 788 impleatur
946 731 1077 773 numerus

171 807 322 861 electorum
340 803 483 858 hominum
501 808 530 858 et
543 803 596 856 ¹illa
613 804 696 860 beata
714 803 874 876 perficiatur
891 803 1001 874 civitas,
1025 820 1077 860 nec

171 897 235 962 post
260 890 319 945 eius
341 887 540 960 perfectionem
564 887 757 943 differendum.
793 888 877 945 Unde
899 889 994 963 colligi
1016 895 1077 959 pot·
1095 892 1130 943 28

171 983 214 1032 est
230 975 323 1030 Deum
340 974 376 1029 ab
394 971 474 1026 initio
494 973 684 1043 proposuisse,
701 979 734 1027 ut
751 978 899 1046 utrumque
918 975 1000 1028 simul
1015 992 1078 1045 per·
1128 981 1130 986 '

170 1062 281 1131 liceret3
308 1064 446 1132 quatenus
464 1061 494 1112 et
511 1057 600 1113 minor
617 1075 688 1130 quae
705 1059 797 1114 Deum
813 1076 869 1114 non
887 1058 1010 1129 sentiret,
1028 1077 1078 1114 na-

170 1153 235 1202 tura
252 1152 317 1201 ante
342 1144 473 1198 maiorem
498 1159 570 1212 quae
587 1141 650 1199 Deo
672 1143 728 1198 frui
750 1144 875 1214 deberet,
901 1161 1079 1215 nequaquam

169 1233 362 1305 perficeretur3
387 1233 415 1284 et
438 1228 468 1281 in
492 1228 603 1282 maioris
621 1229 792 1300 perfectione
810 1235 916 1285 mutata
933 1229 963 1283 in
980 1229 1077 1286 melius

170 1335 221 1375 suo
248 1317 370 1390 quodam
397 1312 479 1368 modo
507 1313 586 1384 qnasi
615 1317 872 1386 congratularetur3
901 1315 957 1370 imo
989 1314 1079 1370 omnis

171 1411 299 1460 mortua
319 1403 355 1456 de
372 1407 431 1456 tarn
449 1397 569 1470 gloriosa
589 1405 617 1454 et
637 1405 695 1455 tam
714 1401 872 1458 admirabili
890 1400 934 1454 sui
952 1415 1079 1456 consum·

170 1487 291 1543 mationa
308 1485 363 1556 ipsi
388 1483 507 1539 creatori
526 1490 554 1539 et
575 1482 628 1539 sibi
648 1485 766 1542 invicem
782 1503 909 1559 quaeque
928 1503 978 1541 suo
996 1487 1079 1542 modo

170 1577 282 1627 aeterne
308 1569 510 1642 congaudendo
535 1569 745 1639 iocundaretur,
773 1577 910 1642 quatenus
933 1572 1008 1643 quod
1030 1586 1079 1627 vo·

169 1656 263 1710 luntas
285 1657 315 1710 in
338 1654 471 1711 rationali
489 1659 591 1709 natura
616 1661 714 1724 sponte
738 1655 818 1725 facit,
843 1655 896 1712 hoc
915 1662 943 1711 et
961 1657 1017 1710 iam
1037 1657 1078 1711 in-

171 1740 310 1794 sensibilis
327 1747 453 1796 creatura
469 1757 520 1810 per
537 1738 593 1794 Dei
619 1739 828 1810 dispositionem
847 1741 1012 1796 naturaliter
1033 1757 1077 1794 ex·
1179 1775 1182 1778 -

169 1823 287 1877 hiberet.
328 1823 452 1878 Solemus
476 1841 597 1897 namque
621 1824 651 1879 in
677 1825 812 1880 maiorum
829 1833 986 1882 nostrorum
1004 1825 1078 1882 exal·
1095 1825 1129 1877 29

169 1907 276 1963 tatione
298 1910 486 1980 congaudere,
511 1917 543 1965 ut
564 1927 629 1964 cum
646 1911 676 1964 in
697 1911 832 1966 natalitiis
851 1911 1014 1968 Sanctorum
1031 1927 1076 1966 ex·

170 1992 306 2048 ultatione
324 1992 424 2049 festiva
447 1996 630 2051 iocundamur
653 1997 688 2052 de
712 1997 803 2068 gloria
819 2013 914 2052 eorum
931 1996 1075 2052 laetantes.

171 2077 261 2142 Quam
284 2081 451 2134 sententiam
473 2081 543 2135 illud
563 2082 696 2137 adiuvare
714 2083 837 2154 videtum,
862 2081 928 2154 quia
945 2081 968 2135 si
984 2082 1077 2136 Adam
1095 2065 1130 2134 30'
1236 2149 1241 2158 Ι

170 2177 225 2215 non
242 2167 393 2233 peccasset,
414 2165 537 2222 differret
554 2174 648 2222 tamen
665 2168 743 2223 Deus
760 2168 838 2223 illam
858 2166 999 2221 civitatem
1016 2183 1078 2238 per-

169 2244 268 2315 ficere,
292 2247 380 2303 donec
404 2250 542 2318 completo
571 2268 604 2307 ex
624 2253 782 2311 hominibus
807 2270 890 2324 quem
914 2251 1079 2322 expectabat

172 2347 294 2400 numero,
312 2331 367 2401 ipsi
379 2350 491 2404 quoque
507 2333 632 2391 homines
650 2337 680 2390 in
699 2352 853 2406 corporum,
872 2340 904 2391 ut
921 2337 961 2390 ita
979 2338 1077 2406 dicam,

171 2415 353 2471 immortalem
374 2423 624 2476 transmutarentur
649 2421 892 2476 immortalitatem.
926 2421 1078 2476 Habebunt
1096 2416 1127 2468 31

173 2499 247 2554 enim
279 2500 309 2554 in
337 2504 469 2572 paradiso
498 2507 640 2578 quandam
668 2505 904 2560 immortalitatem
930 2505 948 2559 i.
976 2521 1001 2560 e.
1029 2522 1078 2576 po·

171 2588 300 2638 testatem
324 2603 381 2640 non
407 2591 555 2660 moriendi,
583 2591 632 2646 sed
659 2608 715 2645 non
742 2596 801 2644 erat
825 2589 986 2646 immortalis
1009 2591 1079 2646 haec

171 2672 311 2739 potestas,
330 2671 396 2741 quia
412 2682 522 2746 poterat
538 2676 621 2746 mori,
647 2680 679 2729 ut
697 2673 804 2729 scilicet
820 2673 874 2744 ipsi
891 2693 947 2731 non
965 2681 1081 2747 possent
1129 2744 1131 2750 Ι

171 2753 249 2808 mori.
287 2753 367 2819 Quod
390 2758 441 2828 sii)
468 2761 508 2816 ita
533 2767 586 2831 est,
610 2751 642 2814 ut
664 2758 795 2814 videlicet
817 2758 981 2814 rationalem
1001 2759 1079 2814 illam
1096 2760 1134 2812 32

172 2848 201 2896 et
217 2841 331 2898 beatam
348 2843 489 2902 civitatem
513 2852 541 2901 et
558 2846 630 2901 hanc
648 2845 818 2900 mundanam
834 2844 1079 2918 insensibilemque

171 2933 301 2983 naturam
320 2929 399 2984 Deus
416 2931 452 2986 ab
470 2931 550 2986 initio
575 2930 749 3002 proposuerit
767 2930 849 2984 simul
866 2929 1013 3001 perficere,
1038 2930 1079 2982 vi-

174 3011 255 3067 detur
275 3013 342 3084 quia
361 3019 410 3068 aut
426 3015 475 3071 illa
492 3016 590 3072 civitas
607 3032 664 3071 non
683 3021 743 3071 erat
760 3016 900 3085 completa
917 3014 947 3068 in
964 3027 1078 3068 numero
1130 3083 1133 3092 Δ

172 3098 335 3169 angelorum
351 3104 416 3154 ante
437 3101 574 3158 malorum
594 3101 717 3171 ruinam,
741 3101 790 3156 sed
808 3101 973 3171 expectabat
990 3098 1078 3173 Deus,
1127 3110 1135 3126 ··

172 3188 204 3238 ut
238 3199 300 3238 eam
329 3182 365 3238 de
392 3181 548 3239 hominibus
577 3188 744 3260 compleret,
777 3185 889 3256 quando
919 3199 1079 3256 corpoream

244 3340 269 3407 l)
292 3337 351 3393 Sed
370 3339 398 3393 ai
414 3339 476 3394 Aa

906 3426 921 3476 3
