2616 3826
136 335 208 380 ΜΠ
516 336 720 395 CAPITULA.

207 516 309 566 eit-uon
327 512 391 564 verti
403 513 502 576 fucere
520 511 689 562 voluntatum
707 526 809 578 meum,
835 513 864 564 et
879 509 998 580 proprio
1019 507 1098 562 Fttto

204 617 254 652 cuo
275 616 331 651 nors
346 597 482 666 pepercit,
503 601 532 650 et
549 613 606 654 amr
623 595 694 648 sicot
710 611 759 662 eqo
776 594 848 664 uolo,
865 596 918 650 ced
927 595 998 648 sicat
1010 601 1039 646 tu
1049 593 1099 649 oia.

141 709 180 759 10.
206 701 277 756 Item
297 700 332 754 de
351 700 468 769 eisdem,
492 697 629 772 quomodo
649 697 731 752 aliter
746 703 822 753 recte
840 697 959 769 intelligi
974 703 1098 768 possunt.

141 811 180 860 11.
207 803 281 868 Quo
300 801 336 856 sit
353 818 472 872 peccare
489 805 518 856 et
534 819 585 872 pro
604 806 720 872 peccato
739 801 926 876 1111111111111.Ι

142 914 181 964 12.
205 907 307 964 Utrum
316 905 376 959 sola
388 903 577 959 misericordia
588 904 648 958 sine
659 903 734 957 omni
751 904 887 959 solutione
900 908 998 963 deeset
1008 907 1100 962 Deum

207 1004 324 1072 peecata
342 999 488 1054 dimittere,

142 1109 181 1160 13.
207 1103 289 1169 Quod
301 1101 370 1156 nihil
381 1101 473 1156 minus
488 1101 524 1159 sit
543 1101 722 1166 tolerandum
735 1100 765 1154 in
784 1119 875 1158 rerum
893 1103 998 1173 ordine,
1016 1120 1100 1174 quam

207 1197 240 1246 ut
258 1196 386 1245 ereatura
411 1187 528 1276 creatori
550 1188 676 1244 debitum
697 1187 829 1242 honorem
852 1187 973 1258 auferat,
1000 1195 1029 1244 et
1045 1207 1101 1244 non
1136 1229 1143 1243 2.

209 1280 298 1334 solvat
314 1279 389 1350 quod
408 1279 506 1334 aufert.

143 1394 185 1444 14.
208 1385 370 1442 Cuiusmodi
387 1385 476 1440 honor
491 1384 547 1439 Dei
565 1383 602 1439 sit
615 1401 706 1455 poena
722 1383 871 1453 peccantis.

143 1481 183 1529 15.
208 1470 237 1530 Si
255 1473 333 1528 Deus
350 1472 395 1527 vel
412 1473 450 1526 ad
463 1471 603 1526 modicum
620 1472 744 1542 patiatur
759 1471 890 1527 honorem
902 1490 983 1528 suum
996 1473 1101 1530 violari.

144 1566 184 1616 16.
208 1559 290 1616 Ratio
310 1576 360 1613 eur
378 1576 508 1615 numerus
525 1559 687 1629 angelorum
705 1557 754 1630 qui
772 1557 938 1628 ceciderunt,
956 1560 1101 1617 restituen-

195 1645 261 1701 'dus
277 1645 314 1703 sit
332 1645 367 1700 de
384 1642 549 1715 hominibus.
897 1715 899 1722 y

145 1759 184 1807 17.
210 1749 290 1816 Quod
308 1748 356 1804 alii
375 1749 469 1820 angeli
488 1765 539 1820 pro
556 1748 611 1803 illis
631 1763 686 1804 non
704 1748 813 1818 possint
831 1749 946 1804 restitui.
974 1775 976 1780 ·
1014 1761 1016 1764 ·

144 1861 183 1912 18.
209 1855 311 1912 Utrum
337 1853 430 1924 plures
456 1853 544 1908 futuri
572 1854 628 1908 sint
655 1853 743 1908 sancti
768 1851 920 1923 hominess
937 1870 1022 1924 quem
1049 1853 1104 1908 sint

210 1939 276 1994 mali
293 1939 394 2012 angeli.

55 2087 63 2104 ,
133 2017 185 2086 'm
213 2029 294 2095 ouon
331 2029 414 2083 homo
454 2044 511 2082 non
547 2027 636 2097 posen
671 2027 773 2082 surm
804 2027 1104 2098 1111111111.-

211 2114 340 2173 factione.
828 2115 829 2118 ’

145 2210 185 2261 20.
209 2203 291 2268 Quod
313 2202 466 2258 secundum
487 2219 645 2257 mensuram
668 2199 780 2271 peceati
802 2209 927 2274 oporteat
949 2220 1010 2260 esse
1027 2203 1105 2258 satis-

213 2290 371 2359 factionem,
387 2305 440 2344 nee
459 2305 522 2344 eam
537 2287 618 2343 horno
636 2305 687 2358 per
705 2306 735 2343 se
752 2288 842 2344 facere
859 2289 954 2360 possit.

144 2385 185 2436 21.
212 2377 316 2444 Quanti
332 2375 463 2450 ponderis
481 2374 517 2429 sit
533 2363 698 2446 peccatum.

145 2471 187 2522 22.
213 2463 304 2530 uuam
322 2453 517 2518 contumeliam
534 2461 600 2517 fecit
618 2461 700 2516 homo
718 2461 794 2532 Deo,
815 2480 879 2518 eum
899 2481 929 2519 se
947 2463 1073 2535 permisit
1090 2481 1108 2519 a

214 2551 327 2606 diabolo
346 2549 429 2618 vinci,
446 2567 497 2622 pro
516 2566 571 2621 qua
589 2548 748 2604 satisfacere
767 2566 823 2603 non
840 2555 939 2620 potest.
1133 2557 1135 2562 ’

147 2641 187 2695 23.
213 2635 286 2701 Quid
304 2637 421 2692 abstulit
439 2635 501 2691 Deo
518 2654 581 2691 cum
606 2635 746 2708 peccavit,
771 2635 845 2706 quod
868 2632 985 2691 reddere
1002 2636 1107 2708 nequit.

146 2727 187 2779 24.
212 2721 293 2788 Quod
316 2721 449 2794 quamdiu
471 2723 553 2778 homo
574 2740 630 2777 non
649 2721 741 2777 reddit
757 2721 819 2777 Deo
837 2723 912 2795 quod
930 2713 1028 2792 debet,
1052 2741 1108 2779 non

214 2808 302 2879 possit
320 2824 380 2864 esse
397 2808 495 2864 beatus
511 2826 564 2864 nee
585 2813 732 2864 excusetur
748 2808 918 2880 impotentia.

147 2901 188 2952 25.
214 2894 296 2962 Quod
315 2910 349 2948 ex
364 2892 528 2950 necessitate
546 2911 596 2965 per
614 2893 754 2950 Christum
770 2895 893 2950 salvetm
910 2895 998 2953 homo.

168 3263 190 3313 l.
218 3255 298 3322 Quod
320 3255 401 3314 homo
423 3271 441 3310 a
463 3253 524 3309 Deo
549 3253 640 3310 factus
664 3255 826 3324 sitiuntur,
850 3263 883 3311 ut
906 3256 967 3313 Deo
992 3255 1109 3314 fruendo

216 3342 315 3398 beatus
330 3345 412 3397 esset.
906 3367 908 3376 ν
957 3361 959 3368 ·
1029 3345 1031 3351 “

167 3436 192 3486 2.
219 3429 302 3495 Quod
319 3427 400 3483 homo
416 3443 472 3482 non
491 3431 651 3496 moreretur,
669 3427 693 3482 si
710 3437 767 3485 non
784 3430 933 3499 peccasset
