2616 3826
235 294 278 364 66
416 290 445 349 s.
461 290 959 360 srsnsmscsnrusrrsnare

187 467 217 523 11
235 462 286 521 det
304 467 332 518 et
347 478 404 518 non
422 477 455 519 ex
479 461 573 520 debito
590 461 690 530 Deo.¹)
726 465 797 520 Bor.
832 461 877 520 lta
894 468 943 520 est
978 463 1050 530 Am.
1083 461 1146 522 Hae

236 554 330 606 sutem
360 564 411 606 neo
443 547 496 612 snb
525 547 574 608 illo
602 563 654 605 nee
684 553 762 604 extra
793 548 872 607 illum
900 547 1019 605 inveniri
1044 553 1144 618 potest

188 639 219 694 12
237 635 324 694 Bos„
344 633 450 690 Vereun
467 638 517 690 est
550 634 622 688 Ans.
646 632 680 688 In
697 633 759 704 ipso
773 634 860 706 igitur
879 632 1075 693 maculandum
1093 639 1144 690 est
1198 654 1201 658 ·

237 719 307 774 Bos.
325 717 372 774 Sic
388 717 522 788 sequitur.
556 719 626 774 Ass
648 716 709 776 Ant
725 717 812 789 igitrn
828 717 951 789 seipsum
970 723 1020 775 sat
1037 717 1144 790 elianid

188 809 219 862 1³
238 803 321 863 dese
337 802 423 859 dabit.
458 805 527 858 Boe.
555 803 618 860 Non
642 819 756 874 possum
774 803 854 860 aliter
871 803 1035 874 intelligere.
1072 805 1143 862 Am.

238 877 433 953 Quserendam
462 895 505 946 est
532 905 621 959 nuno,
650 888 806 946 cuiusmodi
833 888 902 947 haee
930 888 1006 944 datio
1032 887 1145 948 debebit

160 1031 169 1051 ,
236 989 306 1030 esse.
341 971 419 1028 Dare
440 991 560 1045 namque
583 990 614 1029 se
636 991 692 1028 non
714 973 818 1044 poterit
831 972 893 1028 Deo
914 978 964 1030 aut
979 973 1088 1045 aliquid
1109 975 1145 1030 de

237 1075 268 1116 se
284 1057 365 1128 quasi
383 1074 440 1114 non
458 1058 583 1130 habenti,
606 1066 639 1116 ut
655 1076 722 1114 suus
740 1059 792 1129 sit;
815 1058 946 1130 qnoniam
962 1059 1051 1116 omnis
1069 1075 1145 1116 eres·

188 1142 221 1194 14
237 1148 302 1201 tare
320 1142 375 1198 Dei
392 1149 442 1201 est
479 1145 549 1200 Bos.
571 1144 685 1202 Sieest
724 1145 793 1200 Am.
811 1143 857 1202 Sis
878 1160 944 1215 ergo
962 1143 1146 1216 intelligenda

237 1235 280 1286 est
298 1228 368 1284 hseo
389 1227 477 1299 datio,
503 1230 570 1301 quis
593 1230 687 1302 sliqno
710 1227 793 1283 modo
809 1233 895 1297 ponet
911 1245 942 1286 se
958 1229 996 1286 ad
1013 1229 1145 1289 honorem

236 1311 292 1368 Dei
309 1317 360 1369 ant
376 1311 482 1384 aliquid
502 1313 537 1368 de
556 1330 594 1383 se,
614 1331 670 1385 quo
687 1313 770 1370 modo
790 1310 899 1368 debitor
916 1328 973 1368 non
990 1313 1049 1368 erit
1075 1316 1144 1370 Bos.

188 1403 219 1454 15
237 1397 282 1454 Ita
301 1397 434 1470 sequitur
447 1415 480 1453 ex
498 1416 582 1470 supra
599 1400 690 1454 dietis.
724 1399 793 1453 Ana.
818 1397 848 1454 si
865 1397 990 1467 dicimus,
1011 1399 1077 1471 quia
1096 1400 1144 1454 ds-

236 1481 278 1538 bit
297 1482 420 1552 seipsum
443 1483 481 1543 ad
504 1482 691 1542 obediendum
711 1483 789 1553 Deo,
812 1489 844 1538 ut
861 1491 1069 1555 perseveranter
1088 1502 1144 1542 ser·

235 1567 327 1626 vando
350 1566 485 1628 iustitiam
504 1569 607 1625 subdat
628 1586 658 1625 se
683 1568 742 1629 eins
765 1568 916 1638 voluntati3
939 1587 996 1624 nnn
1020 1570 1073 1626 erit
1089 1570 1143 1628 hoe

236 1653 317 1724 dara,
344 1655 419 1726 quod
435 1653 512 1712 Dens
535 1655 573 1712 ab
595 1655 644 1713 illo
666 1673 723 1712 non
740 1654 834 1726 exigat
853 1671 887 1710 ex
904 1654 1009 1710 debito.
1048 1654 1144 1712 Omnis
1189 1693 1197 1700 -

236 1739 311 1798 enim
335 1740 477 1800 rationalis
503 1742 632 1794 oreawa
659 1739 744 1794 debet
766 1739 838 1796 hane
862 1738 1049 1804 obedientiam
1072 1741 1142 1798 Deo.

187 1821 218 1872 16
235 1827 305 1882 Bos.
332 1825 395 1880 Hoe
413 1824 510 1898 negari
527 1824 632 1896 nequit
667 1827 736 1882 Ans.
769 1826 834 1882 Alio
848 1825 944 1897 itaque
963 1827 1045 1884 modo
1064 1843 1143 1898 opor·

235 1916 276 1968 tet
293 1916 326 1968 ut
348 1912 397 1968 det
417 1927 447 1968 se
471 1909 562 1980 ipsum
585 1909 646 1965 Deo
669 1918 718 1967 aut
739 1911 847 1983 aliquid
868 1911 959 1965 dese.
998 1914 1066 1966 Bos.
1094 1910 1143 1966 Ad

186 1994 217 2045 ll
235 1995 289 2050 hoo
306 2011 357 2050 nos
376 1995 496 2065 impellit
511 1994 592 2050 ratio.
629 1996 698 2050 Aer.
720 1994 888 2063 Videamus,
905 1995 929 2050 si
947 1995 1019 2050 forte
1038 1995 1090 2052 hoc
1108 1995 1145 2050 sit

235 2081 322 2134 vitam
341 2095 420 2134 suam
442 2079 508 2132 dare
526 2077 584 2134 sive
601 2095 705 2148 ponere
722 2078 843 2134 animem
861 2095 941 2132 suam
958 2080 1016 2136 sive
1032 2081 1144 2136 tradem

234 2164 357 2234 seipsum
379 2162 460 2218 morti
485 2161 522 2216 ad
547 2159 678 2225 honorem
700 2162 765 2220 Dei.
801 2142 865 2218 Ήοο
888 2163 962 2218 enim
988 2181 1021 2220 ex
1041 2155 1143 2222 'debito
1262 2181 1263 2184 ¹

139 2259 143 2268 '
234 2249 313 2307 Deus
337 2265 395 2304 non
422 2247 516 2318 exiget
544 2246 580 2303 ab
606 2246 672 2314 ill03
704 2247 836 2319 qnoniam
860 2265 981 2321 namque
1008 2266 1065 2306 non
1090 2250 1144 2309 erit

185 2333 219 2386 ¹8
235 2341 381 2407 peceatum
404 2331 434 2388 in
457 2333 518 2402 illo,
542 2349 598 2386 non
621 2331 736 2389 debebit
751 2334 837 2405 mori,
860 2339 892 2390 nt
908 2335 1036 2390 diximus.
1072 2337 1141 2390 Bos.

234 2419 326 2476 Aliter
354 2436 462 2491 nequeo
477 2493 478 2496 Ἴ
493 2417 658 2489 intelligere.
698 2421 767 2476 Aes
804 2419 1014 2476 Consideremus
1041 2421 1141 2488 adhuc,

234 2513 328 2562 utrum
344 2507 386 2562 sie
402 2503 604 2562 rationabiliter
623 2505 776 2562 eonvenist.
814 2508 882 2560 Bos.
906 2505 960 2560 Dio
978 2510 1023 2576 tu3
1042 2511 1071 2560 et
1088 2523 1140 2578 ego

187 2589 219 2641 19
234 2591 353 2648 libenter
375 2591 494 2648 audiam
530 2593 600 2646 Ans.
633 2587 663 2646 Si
686 2585 768 2646 homo
792 2607 844 2660 per
862 2590 1027 2646 suavitatem
1043 2607 1141 2662 peoea·

234 2676 282 2745 vit,
307 2693 400 2734 annon
418 2678 561 2746 convenit,
584 2683 616 2732 ut
631 2693 682 2747 per
698 2675 877 2747 asperitatem
895 2675 1069 2732 satisfaciat?
1103 2676 1141 2730 Et

234 2760 259 2816 si
275 2767 333 2818 tam
349 2762 434 2818 faoile
458 2762 548 2817 victus
574 2767 617 2816 est
640 2778 659 2817 a
683 2759 808 2830 diabolo,
835 2767 867 2816 ut
882 2759 976 2818 Deum
997 2763 1140 2833 peccando

235 2843 429 2914 exhonoraret,
452 2852 485 2900 ut
508 2845 617 2901 facilius
638 2863 695 2900 non
717 2851 827 2916 posset;
852 2863 945 2902 nonne
968 2846 1074 2904 iustum
1090 2851 1140 2916 est,

234 2936 266 2988 ut
287 2929 369 2987 horno
394 2930 567 2986 satisfaciens
584 2930 645 2986 Deo
670 2947 722 3001 pro
745 2937 860 3002 peceato
878 2938 957 2987 tsnta
975 2931 1141 2989 difficultate

234 3017 328 3072 sinat
344 3014 485 3071 diabolum
504 3016 541 3069 sd
558 3015 689 3072 honorem
705 3015 768 3085 Dei,
792 3021 825 3070 ut
842 3016 939 3072 maiori
958 3035 1014 3074 non
1032 3014 1139 3089 possit?

182 3092 217 3143 ²⁰
233 3103 336 3160 Annon
362 3107 405 3157 est
431 3100 560 3172 dignum,
589 3108 726 3173 quatenus
755 3101 804 3173 qui
828 3121 858 3158 se
882 3103 922 3158 sie
944 3103 1061 3159 abstulit
1076 3102 1139 3157 Deo

233 3189 385 3259 peccando,
404 3192 436 3241 ut
455 3203 484 3241 se
501 3186 564 3256 plus
585 3185 693 3242 auferre
710 3204 766 3242 non
785 3194 889 3259 posset,
907 3190 947 3244 sie
966 3207 995 3244 se
1013 3188 1061 3244 det
1077 3187 1138 3242 Deo

302 3359 328 3429 1)
348 3355 406 3413 cfr.
424 3373 508 3428 supra
526 3372 550 3411 a.
569 3359 594 3412 6.
