2616 3826
229 307 272 372 42
411 305 437 360 s.
457 302 628 360 menum
646 267 956 359 cunnummusls

122 513 128 522 ·
230 474 305 545 quod
324 473 374 527 dos
395 479 533 527 stenen
556 472 643 527 hebes
669 472 718 526 sed
745 471 863 539 abillo,
892 470 971 524 ouius
992 488 1087 528 servus
1107 489 1136 528 es

230 565 261 614 tu
281 565 309 614 et
326 557 373 612 ille
390 557 436 612 oui
453 559 519 620 dest
547 563 576 612 et
601 563 702 611 nutura
719 563 748 610 te
767 557 861 625 docet,
888 561 921 610 ut
938 573 1069 612 conservo
1085 563 1136 614 tuo

229 645 247 699 i.
267 661 290 699 e.
307 643 388 698 homo
407 643 525 714 homini,
549 642 637 696 iunias
664 642 740 712 qnod
763 641 816 697 tibi
839 642 875 696 ab
900 641 949 696 illo
968 643 1011 696 ris
1031 641 1136 712 fieti3¹)

230 734 259 785 et
275 728 357 799 quin,
382 728 431 799 qui
452 746 508 784 non
527 729 588 783 vult
612 729 679 783 dare
704 727 779 798 quod
795 727 892 796 habet,
914 745 970 783 non
988 727 1073 783 debet
1090 745 1137 782 oe-

181 809 209 860 11
229 813 321 884 cipere
351 813 426 884 quod
454 829 510 868 non
537 812 630 867 habet
673 812 717 867 De
744 812 902 868 dimissione
925 829 991 868 vero
1016 813 1138 868 breviter
1246 817 1249 822 '

230 899 307 968 dieo,
334 899 400 970 quia
422 899 580 953 nullatenus
606 897 754 968 pertinet²)
778 899 815 953 ed
843 903 872 952 te
898 898 1036 967 vindicte,
1065 898 1138 954 siout

230 986 344 1054 supra³)
364 984 496 1053 diximum
532 983 662 1055 quonium
680 1000 731 1038 nee
751 989 783 1038 tu
800 989 864 1038 tuus
881 999 919 1052 es,
939 1000 991 1038 neo
1006 983 1054 1038 ille
1071 990 1136 1039 tuus

229 1077 279 1124 out
296 1088 362 1124 suus
383 1069 431 1140 qni
448 1069 501 1125 tibi
517 1069 585 1125 feeit
602 1069 744 1138 iniuriam,
763 1069 813 1122 sed
834 1067 916 1122 unius
935 1068 1048 1122 Domini
1065 1070 1137 1124 servi

229 1155 298 1210 faeti
325 1155 362 1210 ab
388 1154 436 1208 illo
463 1155 498 1210 de
521 1155 610 1209 nihilo
640 1155 721 1220 estis3
746 1160 773 1210 et
792 1153 816 1208 si
835 1153 872 1208 do
890 1169 1022 1209 conservo
1039 1161 1088 1209 tuo
1107 1161 1136 1210 te

230 1238 373 1306 vindicas,
404 1237 538 1292 iudicium
568 1240 643 1310 quod
672 1239 815 1310 proprium
840 1239 955 1294 Domini
982 1243 1011 1294 et
1037 1239 1136 1294 iudicis

183 1327 214 1377 12
231 1323 353 1379 omnium
375 1329 434 1392 est,
458 1340 542 1394 super
562 1324 641 1378 illum
665 1324 784 1393 superbe
808 1325 970 1395 praesumis.
1013 1325 1048 1378 In
1067 1324 1136 1380 obe·
1168 1369 1170 1372 .

231 1409 336 1463 dientin
354 1406 505 1479 veroquid
523 1408 573 1462 des
589 1409 650 1464 Deo
674 1408 749 1479 quod
768 1411 824 1462 non
844 1408 942 1478 debes,
967 1411 1012 1465 oui
1030 1411 1138 1466 iubenti

231 1499 319 1548 totum
345 1492 421 1564 quod
449 1509 478 1547 es
506 1499 535 1548 et
558 1494 632 1564 qnod
654 1493 741 1548 habes
764 1496 793 1546 et
818 1493 894 1563 quod
916 1500 1010 1565 potes,
1033 1495 1138 1551 debes?

183 1583 213 1634 13
230 1579 299 1632 Boe.
335 1576 412 1634 Nihil
438 1576 494 1630 inm
518 1577 607 1632 audeo
628 1576 657 1630 in
677 1577 721 1631 his
748 1578 875 1633 omnibns
900 1580 992 1636 dicere
1011 1581 1139 1636 medere

231 1664 308 1733 Deo,
338 1662 415 1734 quod
443 1660 540 1718 debeo.
583 1664 653 1720 Aoo.
690 1662 764 1728 Quid
790 1680 857 1736 ergo
882 1665 971 1722 solves
998 1667 1060 1722 Deo
1087 1685 1138 1738 pro

183 1755 215 1806 14
231 1755 348 1820 peceato
372 1746 442 1803 tuo?
487 1750 555 1801 Bos.
592 1746 622 1804 Si
645 1749 782 1820 meipsum
804 1757 833 1806 et
855 1751 991 1822 quidquid
1016 1767 1138 1821 possum,

232 1835 316 1890 etium
340 1833 451 1905 quando
473 1849 529 1887 non
550 1849 649 1903 pesco,
676 1833 718 1888 illi
742 1836 830 1891 debeo
853 1853 889 1890 ne
913 1852 1044 1906 peccem,
1070 1834 1139 1889 nihil

183 1928 213 1979 15
231 1919 322 1974 hubeo
346 1918 421 1989 quod
445 1932 496 1987 pro
519 1922 634 1986 peceato
652 1917 693 1972 illi
712 1921 836 1975 reddam.
871 1922 941 1994 Am.
977 1920 1052 1984 Quid
1072 1936 1139 1992 ergo

233 2002 286 2058 erit
306 2004 341 2057 de
357 2002 407 2057 to?
442 2001 586 2065 Quomodo
603 2001 707 2071 poteris
725 2004 818 2056 sulvus
837 2003 918 2058 esse?
954 2006 1022 2057 Bor.
1048 2005 1079 2060 Si
1096 2021 1139 2059 ru·

231 2086 321 2140 tiones
345 2090 408 2139 tuas
429 2083 586 2153 considero,
613 2101 669 2139 non
692 2084 773 2139 video
802 2087 948 2156 quomodo.
992 2087 1021 2144 Si
1046 2094 1140 2145 autem

232 2169 270 2224 ad
286 2169 370 2224 fidem
390 2184 480 2224 meum
497 2183 623 2236 recurro,
645 2169 675 2222 in
694 2165 750 2224 fide
767 2169 919 2226 christiano
938 2189 1010 2240 quae
1022 2191 1077 2242 per
1095 2177 1139 2228 di-

234 2256 377 2310 lectionem
403 2253 579 2323 operatum
608 2269 688 2322 spero
713 2271 758 2308 me
780 2272 863 2326 posse
886 2253 1000 2327 salv'nri,
1021 2257 1052 2313 'et
1074 2245 1167 2332 quiu'

231 2340 395 2412 legimus‚⁵)
434 2338 458 2393 si
492 2337 612 2394 iniustus
648 2355 795 2396 conversus
824 2341 909 2407 fuerit
937 2342 973 2396 ab
1004 2343 1141 2400 iniustitia

234 2443 286 2482 sue
319 2433 348 2480 et
382 2420 480 2481 feeerit
508 2425 657 2494 iustitium,
692 2442 786 2480 omnes
816 2425 965 2483 iniustitias
995 2429 1053 2484 eius
1084 2437 1139 2484 tru-

186 2515 216 2565 16
235 2511 265 2564 di
294 2509 436 2566 oblivioni.
487 2512 557 2566 Ano.
600 2510 663 2565 Hoc
697 2525 755 2564 non
793 2509 896 2564 dieitur
927 2512 982 2567 nisi
1012 2514 1047 2570 de
1076 2514 1139 2584 iliis,

234 2595 282 2666 qui
317 2603 367 2650 ant
406 2603 622 2666 expectaverunt
661 2593 800 2650 Christum
838 2601 986 2668 antequam
1024 2600 1140 2668 reniret,

186 2687 215 2738 17
234 2686 283 2734 aut
314 2681 431 2735 eredunt
452 2680 489 2734 in
516 2697 582 2735 eum
611 2686 760 2751 postquam
789 2681 873 2736 vonit.
895 2682 970 2739 *sm
1000 2683 1140 2740 Christum

235 2769 263 2820 et
296 2763 473 2819 christianam
509 2764 594 2820 fidem
630 2764 710 2835 quusi
745 2782 889 2836 nunquam
919 2767 1018 2824 fuisset
1048 2769 1139 2840 posui-

305 3019 330 3085 1)
348 3015 405 3072 cfr.
425 3017 556 3073 Matthr
558 3025 624 3087 ,12.

304 3087 330 3152 2)
343 3087 481 3156 pertinet.
499 3103 569 3142 omn.
589 3087 676 3143 Oodd.

304 3103 374 3222 3)o.
397 3161 436 3225 12,
457 3161 502 3211 12:
509 3153 615 3279 ,ὢά
615 3155 722 3218 nullum
740 3157 862 3226 pertinet
877 3158 1030 3213 vindictum
1049 3158 1141 3214 facere

233 3221 288 3279 nisi
308 3196 449 3294 sodidum,
469 3224 517 3296 qui
562 3224 731 3279 ominnsest
750 3227 898 3282 οιιιιιίιιιιι.ιι
975 3293 977 3297 ι

304 3296 331 3429 di
348 3265 489 3418 gualediiiei
497 3299 538 3432 168,
556 3367 604 3432 27;
623 3366 665 3431 33,
684 3367 715 3417 14
734 3381 774 3434 sq.
