2616 3826
388 303 466 363 ous
483 305 586 362 nnus
603 303 726 362 nouo.
761 305 799 362 11.
818 287 912 364 sT-n.
1070 311 1115 378 ‘61

207 473 319 532 saneti?
353 476 424 530 Ans.
443 473 475 530 Si
493 474 635 546 quaelibet
650 475 708 531 alia
721 492 841 545 maora
853 476 1022 548 inearnetur,⁴
1038 485 1118 536 munt
1135 482 1153 531 4

210 563 267 617 duo
284 561 335 616 filii
353 561 384 616 in
403 559 548 628 'Irinitate
572 558 646 614 iilius
665 559 773 616 seilicet
789 561 844 618 Dei
867 563 916 634 qui
939 570 969 618 et
997 571 1062 619 anto
1075 565 1117 620 in·

204 647 397 705 ,mationem
421 645 495 700 filius
520 650 577 714 est,
602 650 631 700 et
654 645 703 700 ille
721 646 770 718 qui
785 663 836 716 per
851 646 1069 705 internetionem
1086 649 1118 705 11-

207 735 263 790 lius
294 733 347 790 erit
373 730 504 804 virginis3
538 735 567 784 et
598 731 651 786 erit
679 729 714 784 in
739 732 879 801 personis,
909 751 982 806 quae
1010 738 1144 806 semper?

208 821 339 892 aequales
355 835 415 874 esse
434 817 550 885 debent,
576 816 761 889 inaequalitas
784 818 937 876 seeundum
954 819 1119 892 dignitatem

205 905 392 961 nativitatum.
448 901 612 973 Digniorem
650 918 778 973 namque.
798 903 972 959 nativitatem
1002 905 1151 962 habebas

206 997 291 1047 natus
314 1009 348 1046 er
366 991 443 1057 Deo,
465 1005 551 1060 quam
572 995 656 1046 natus
679 1004 714 1044 ex
736 988 862 1060 Virgine.
897 987 969 1043 Item
991 988 1119 1045 siPater
1152 1017 1154 1021 ·

208 1075 293 1131 fuerit
314 1075 490 1144 incarnatus,
513 1080 595 1129 erunt
620 1073 676 1128 duo
698 1081 813 1144 nepotes
831 1076 861 1128 in
878 1075 1028 1145 Trinitate‚
1051 1077 1119 1148 quia

207 1155 294 1216 Pater
312 1160 365 1215 erit
381 1176 468 1229 nepos
489 1165 637 1231 parentum
648 1158 774 1229 Virginis
791 1177 842 1229 per
858 1160 998 1216 hominem
1015 1179 1119 1216 assum·

208 1251 276 1316 tm,
296 1252 326 1301 et
341 1246 467 1302 Verbum
485 1243 637 1298 oumnihil
654 1243 757 1299 habeat
776 1246 812 1300 de
829 1245 950 1314 homine,
974 1263 1061 1318 nepos
1078 1253 1120 1302 ta·

207 1350 272 1388 men
290 1331 343 1387 erit
359 1329 497 1402 Virginis,
523 1330 592 1401 quia
608 1328 661 1386 filii
678 1329 738 1386 eius
758 1331 811 1386 erit
825 1331 913 1401 filium
938 1347 1009 1403 quae
1027 1331 1138 1387 (arnnau

206 1416 430 1474 inconvenientia
467 1421 533 1470 sunt
571 1431 624 1471 neo
652 1415 683 1472 in
713 1415 904 1474 incarnatione
933 1420 1021 1477 Verbi
1053 1437 1119 1476 eon·

206 1505 328 1576 tingrmt.
367 1503 419 1558 Est
443 1507 474 1556 et
492 1501 584 1571 uliud,
613 1519 665 1556 our
690 1502 781 1573 magis
804 1505 951 1560 conveniat
978 1505 1152 1562 incarnat-it

206 1591 280 1646 Filio
304 1607 388 1662 quam
412 1587 476 1650 aliis
500 1586 640 1658 personis:
665 1586 731 1656 quia
755 1589 962 1645 convenientius
988 1599 1067 1646 sonat
1086 1590 1119 1646 fi,

207 1676 276 1729 lium
293 1674 451 1744 supplioare
470 1671 560 1741 patri,
584 1687 668 1740 quam
686 1669 770 1724 aliam
789 1688 936 1741 personam
955 1675 1010 1729 alii.
1046 1676 1118 1730 Item
1136 1677 1152 1726 7

141 1749 144 1758 ¹
207 1759 293 1814 homo
306 1775 359 1829 pro
371 1774 426 1827 qno
441 1760 500 1810 erat
517 1761 652 1823 orsurus,
671 1756 798 1812 diabolus
811 1774 893 1830 quem
905 1765 965 1814 erat
977 1777 1118 1832 expugna·

207 1850 300 1912 turus,
325 1842 408 1897 ambo
427 1839 527 1898 falsam
544 1839 754 1900 similitudinem
772 1842 827 1898 Dei
844 1859 895 1913 por
912 1845 1055 1916 propriam
1070 1863 1118 1900 vo·

207 1931 345 1985 luntatem
368 1931 600 1998 praesumserant
635 1927 719 1984 Unde
745 1928 825 1999 quasi
848 1927 997 1998 spetialius
1022 1926 1153 1984 adver-8

208 2033 256 2072 sus
273 2029 421 2086 personam
437 2012 504 2066 Filii
528 2018 729 2083 peecaverunt,
753 2013 802 2085 qui
827 2030 893 2068 vers
911 2013 1004 2068 Pau-is
1021 2013 1118 2070 simili-

206 2103 276 2158 tudo
295 2099 425 2156 oreditur.
460 2097 506 2152 Illi
523 2098 628 2170 itaque,
647 2098 693 2153 oui
709 2099 858 2170 spetialius
875 2098 908 2154 fit
925 2098 1034 2170 iniuria,
1053 2117 1118 2156 sone

206 2186 362 2244 venientius
393 2183 556 2242 attribuitur
586 2184 685 2254 eulpae
709 2185 834 2240 vindicta
859 2191 910 2240 aut
935 2185 1118 2258 indulgentia.
1135 2195 1149 2231 Δὶ

209 2273 384 2342 Quapropter
402 2286 466 2324 eum
483 2269 554 2324 ratio
572 2286 623 2324 nos
640 2269 810 2328 inevitabilis
827 2271 988 2341 perduxerit
1004 2273 1040 2326 ad
1057 2271 1118 2340 hoo,
1136 2273 1152 2322 9

210 2361 243 2409 ut
258 2373 373 2414 neeesse
392 2355 429 2410 sit
456 2353 578 2408 divinam
605 2359 634 2408 et
656 2354 806 2410 humanam
829 2359 958 2409 naturam
981 2356 1011 2408 in
1033 2372 1118 2410 uuam

210 2442 354 2496 convenire
382 2455 543 2512 personam,
571 2454 631 2493 neo.
653 2437 706 2494 hoo
736 2440 796 2494 fieri
822 2440 911 2509 possit
936 2441 965 2493 in
989 2440 1145 2510 pluribus.

209 2526 334 2595 personis
358 2526 425 2594 Dei,
452 2530 481 2580 et
500 2523 554 2578 hos
577 2525 785 2580 convenientius
803 2524 866 2580 fieri
885 2528 982 2595 pateat
1006 2523 1036 2576 in
1057 2541 1119 2593 per·

209 2625 278 2664 sona
300 2609 388 2666 Verbi
410 2627 495 2682 quam
518 2610 548 2664 in
573 2608 651 2679 aliis3
677 2623 791 2665 neeesse
815 2615 857 2664 est
878 2609 1003 2665 Verbum
1026 2609 1119 2664 Deum

210 2701 239 2750 ot
265 2694 404 2750 hominem
429 2697 459 2750 in
486 2711 571 2752 unam
600 2694 747 2750 convenire
773 2711 927 2766 personam.
963 2698 1031 2750 Bor.
1072 2695 1118 2751 Sis
1139 2689 1170 2740 1⁰

209 2786 253 2836 est
269 2780 330 2846 via,
359 2797 418 2853 qua.
432 2797 476 2837 me
494 2781 587 2851 duois,
609 2781 734 2852 undique
751 2780 858 2836 munita
876 2780 997 2846 ratione,
1020 2787 1052 2836 ut
1071 2797 1119 2834 ne·
1147 2813 1150 2819 -

210 2883 265 2938 que
285 2867 323 2922 ad
338 2866 477 2925 dexteram
495 2886 587 2941 neque
607 2870 644 2924 ad
669 2868 807 2923 sinistram
824 2867 934 2928 videam
954 2867 1052 2922 moab
1070 2865 1119 2918 illa

208 2967 291 3024 posse
317 2951 465 3010 declinare.
508 2958 577 3011 Ana
613 2955 677 3012 Non
701 2971 754 3025 ego
781 2959 810 3008 te
828 2952 900 3008 dueo
919 2953 969 3008 sod
994 2950 1055 3019 ille,
1083 2950 1119 3004 de

210 3054 265 3109 qno
290 3036 444 3109 loquimur,
467 3041 527 3096 sine
544 3057 601 3112 quo
620 3039 689 3095 nihil
705 3057 866 3110 possumus,
893 3055 943 3093 nos
961 3034 1039 3090 duait
1057 3033 1118 3089 ubi·

209 3140 321 3195 cunque
339 3122 414 3177 viam
431 3125 554 3181 veritatis
573 3133 708 3182 tenemus.

289 3261 359 3349 1⁰·
405 3297 474 3352 Am.
509 3295 611 3352 Utrum
633 3303 726 3353 autem
748 3295 831 3350 homo
848 3293 896 3348 ille
915 3290 951 3346 sit
967 3289 1150 3346 moriturusl

207 3379 369 3451 ardebit),
392 3379 466 3436 siout
489 3397 583 3436 omnes
606 3381 653 3436 alii
675 3382 800 3438 hominos
823 3395 856 3434 ex
877 3377 971 3433 debito
997 3375 1117 3432 moriun-
