2616 3826
368 329 446 388 CUR
464 329 565 388 Deus
583 329 704 388 HOMO.
739 329 778 386 IL
796 331 859 386 lta
1025 327 1068 396 75

140 497 312 555 'humanum
336 517 425 572 genus
452 506 481 556 et
505 515 539 556 sa
561 515 633 572 quae
649 498 717 555 iecit
733 505 847 572 propter
863 513 944 552 usum
963 513 1066 568 eornm,
1147 562 1153 574 ³

62 641 68 652 ,
162 585 197 642 de
214 586 315 657 quibus
332 601 453 658 superna
476 585 573 641 civitas
596 585 767 658 perficienda
783 591 839 655 cst,
865 583 944 654 quasi
963 581 1068 638 frustm

161 671 291 728 extitisse.
333 673 406 730 Nam
431 672 607 743 aliquatenus
634 671 663 726 in
689 688 794 726 vanum
817 687 878 727 esse
899 671 1068 740 viderentur,
1085 677 1119 728 24

162 756 295 826 quamdiu
314 775 369 814 non
389 758 426 812 ad
444 758 497 812 hoc
519 764 633 829 propter
655 757 729 829 quod
749 756 866 812 maxime
881 756 957 810 facta
976 761 1080 820 esseut

160 840 320 897 viderentur
343 844 501 900 subsistere.
542 844 610 898 Bos.
646 841 818 916 Congruenti
842 842 949 898 ratione
969 849 998 900 et
1022 843 1068 898 cui
1085 849 1118 900 25

160 927 230 982 nihil
250 945 405 1002 repugnare
421 929 532 985 videtur
556 933 708 997 monstras,
731 927 839 982 nullum
856 945 980 1002 unquam
998 933 1067 984 tem·

161 1029 215 1084 pus
232 1013 319 1069 fuisse
340 1031 446 1088 exque
471 1013 564 1070 iactus
591 1020 634 1070 est
655 1014 738 1068 hemo
763 1013 869 1084 absque
887 1012 993 1085 aliquo,
1020 1011 1068 1084 qui

161 1097 199 1152 ad
225 1115 286 1155 eam
314 1101 465 1170 pertineret
493 1099 563 1170 (sine
594 1115 650 1170 qua
673 1098 766 1154 sactus
790 1103 863 1154 esset
886 1113 957 1153 vane
980 1097 1067 1153 omnis

162 1183 255 1249 homo)
283 1185 551 1253 reconciliationem
575 1184 663 1255 'qnod
697 1202 754 1240 non
784 1184 873 1240 solum
902 1183 1067 1239 conveniens

163 1267 213 1322 sed
240 1267 325 1324 etiam
351 1271 538 1327 necessarium
571 1288 631 1327 esse
656 1287 802 1341 possumus
830 1269 1002 1325 concludere.
1039 1267 1068 1324 Si
1086 1263 1119 1314 ²6

161 1353 234 1408 enim
259 1349 466 1414 convenientius
492 1361 521 1412 et
545 1355 737 1412 rationabilius
765 1361 807 1412 est
829 1355 883 1410 hcc
908 1371 992 1426 quam
1019 1351 1069 1409 ali-
1165 1359 1167 1364 '

162 1440 274 1509 quando
297 1441 406 1496 nullum
431 1443 530 1513 tuisse,
553 1443 588 1500 de
614 1459 670 1516 quc
692 1441 810 1498 intentio
828 1431 883 1498 Dei
908 1456 964 1512 qua
981 1438 1068 1496 homi·

161 1540 225 1580 nem
241 1525 310 1581 iecit
327 1527 518 1606 perficeretur,
542 1546 595 1586 nec
613 1536 655 1584 cst
673 1527 779 1599 aliquid
797 1527 872 1598 qued
888 1525 954 1580 huic
974 1523 1070 1580 obviet

66 1609 70 1616 “
161 1611 279 1680 radonit
300 1628 414 1668 necesse
438 1619 480 1669 est
503 1630 613 1686 semper
637 1614 759 1684 aliquem
781 1613 817 1665 ad
833 1611 1007 1681 praedictam
1026 1625 1068 1663 re-

137 1749 144 1760 ,
161 1695 382 1752 conciliationem
399 1699 584 1769 pertinentem
600 1697 694 1754 fuisse.
724 1698 807 1755 Unde
825 1697 917 1751 Adam
937 1701 965 1750 et
980 1694 1068 1748 Evam
1086 1696 1119 1746 27

162 1779 199 1834 cd
222 1780 298 1836 illam
320 1782 488 1851 pertinuisse
516 1783 713 1839 redemtionem
738 1781 922 1837 dubitandum
945 1795 1000 1834 non
1018 1781 1068 1846 et,

162 1866 287 1937 quamvis
311 1866 364 1922 hoc
389 1869 544 1924 auctoritas
568 1870 663 1924 divina
682 1875 777 1940 aperte
794 1885 851 1924 non
865 1863 1068 1937 pronunciet.¹)

162 1953 231 2006 Aac.
250 1951 418 2010 Incredibile
441 1972 551 2026 quoque
569 1955 692 2025 videtur,
722 1955 834 2028 quando
851 1951 929 2007 Deus
948 1950 1010 2004 illos
1028 1949 1068 2005 fe·
1084 1954 1120 2007 -28

163 2038 201 2094 cit
224 2044 253 2095 ct
274 2039 419 2110 proposuit
438 2039 648 2097 immutabiliter
673 2041 765 2096 iacere
785 2039 819 2096 de
836 2035 891 2094 illis
908 2051 1002 2090 omnes
1021 2033 1069 2090 hc·

162 2125 257 2194 mines,
277 2141 346 2196 quos
363 2125 400 2180 ad
412 2126 559 2182 coelestem
572 2127 713 2190 civitatem
724 2131 896 2182 assumturus
909 2131 976 2194 erat,
994 2123 1069 2196 quod

160 2208 223 2265 illos
243 2211 313 2266 duos
333 2209 370 2266 ab
394 2211 447 2266 hoc
472 2211 619 2268 excluserit
636 2213 785 2285 proposito.
823 2216 892 2267 Bos.
930 2211 991 2265 Imo
1007 2209 1069 2265 illos
1086 2215 1119 2267 29

162 2295 280 2351 maxime
297 2295 334 2350 ad
351 2297 405 2352 hoc
424 2296 525 2353 secisse
543 2299 620 2354 credi
634 2300 725 2368 debet,
744 2305 776 2354 ut
787 2306 878 2354 esseut
890 2298 925 2354 de
936 2295 992 2350 illia
1005 2311 1069 2365 pro·

162 2383 225 2448 pter
244 2397 313 2450 quos
330 2381 399 2438 facti
414 2388 487 2438 sunt.
521 2385 591 2439 Ans.
625 2385 702 2440 Bene
723 2385 889 2440 consideras.
924 2379 1010 2437 Nulla
1026 2384 1068 2434 ta-
1086 2387 1119 2438 30

163 2480 227 2520 men
255 2465 347 2521 anima
375 2475 440 2524 ante
464 2475 580 2526 mortem
607 2471 711 2526 Christi
737 2469 898 2541 paradisum
920 2467 1069 2522 coelestem

163 2548 272 2620 ingredi
293 2553 398 2620 potuit,
426 2553 498 2609 sicut
520 2570 605 2625 supra
627 2556 684 2610 dixi
703 2556 737 2612 de
755 2556 829 2628 regis
846 2554 961 2626 palatio.
999 2555 1067 2608 Bos.
1085 2557 1117 2610 31

164 2631 360 2690 sineremus.
395 2639 463 2694 Aac.
492 2639 581 2712 Virgo
601 2648 693 2698 autern
710 2643 772 2708 illa,
794 2642 829 2696 de
849 2659 905 2712 qua
922 2640 970 2696 illc
985 2639 1068 2695 homo

163 2725 302 2776 assumtus
319 2727 362 2776 est
379 2723 414 2778 ds
433 2741 488 2796 qno
506 2725 652 2798 loquimur,
670 2725 725 2782 fuit
743 2729 778 2784 de
796 2727 851 2782 illis
869 2725 917 2799 qui
935 2731 1001 2784 ante
1019 2742 1068 2780 na·

163 2803 300 2860 tivitatem
326 2807 386 2863 eim
410 2827 461 2880 per
476 2828 540 2867 eum
562 2813 688 2868 mundati
709 2820 774 2870 sunt
792 2830 809 2868 a
824 2813 965 2884 pcccatis,
992 2818 1020 2869 ct
1039 2813 1068 2866 in

165 2891 224 2946 eius
242 2891 304 2964 ipsa
317 2895 453 2952 munditia
476 2897 512 2953 de
534 2897 583 2953 illa
609 2905 747 2954 assumtus
764 2907 813 2956 est.
852 2899 920 2955 Bos.
940 2897 1069 2974 Placeret
1086 2897 1118 2948 32

164 2977 233 3032 milri
250 2977 368 3034 multum
384 2981 460 3052 qnod
479 2983 548 3037 dicis
567 2983 629 3053 nisi,
647 2999 710 3038 cum
728 2983 790 3053 ipsc
808 2985 909 3040 debeat
929 3000 946 3038 a
965 2999 994 3038 se
1007 2983 1068 3054 ipso

163 3061 267 3120 habere
294 3065 459 3122 munditiam
490 3084 508 3124 a
536 3075 669 3144 peccate,
697 3067 807 3126 videtur
835 3087 896 3126 eum
923 3067 1026 3124 habere
1052 3083 1069 3122 a
1135 3101 1138 3108 ,

235 3259 261 3319 1)
284 3256 398 3312 irenaeo
425 3254 498 3325 (adv.
520 3255 594 3312 haer.
617 3263 646 3326 1,
672 3260 726 3323 ³0.)
749 3263 820 3314 teste
844 3255 980 3318 Tatianuc
1004 3267 1070 3324 apc-

163 3323 258 3394 lsgeta
296 3324 524 3396 interpretatione
544 3325 599 3380 loci
620 3324 732 3382 Paulini
758 3334 780 3383 1.
806 3325 867 3382 eor.
888 3330 927 3392 15,
945 3329 986 3379 22.
1006 3339 1069 3377 con·

163 3399 238 3448 turta
258 3365 400 3466 deceptus,
417 3395 523 3468 primus
540 3394 625 3450 saluti
643 3393 810 3462 connudixit
826 3392 1002 3466 protoplasti-
