2616 3826
364 291 454 351 oea
471 289 571 349 enus
589 286 707 348 none.
743 291 780 347 11.
802 297 839 348 ιτ.
860 293 900 346 rs.
1025 257 1099 358 '³85

272 459 338 552 18.
390 500 460 556 Aac.
487 499 545 566 Si1)
562 503 677 571 propter
701 496 836 552 iustitiam
861 512 890 550 se
910 493 1035 566 permisit
1054 492 1131 566 oet

196 582 267 652 cidi,
294 602 385 640 nonne
403 587 440 642 a'd
457 577 588 642 bonorem
610 583 665 640 Dei
688 583 773 638 vitam
786 597 878 636 -suam
900 580 996 636 dedit?
1031 578 1133 636 Boai

196 667 226 724 si
245 687 358 740 possum
374 671 531 741 intelligere
549 669 624 740 quod
641 686 697 724 non
716 667 822 737 dubito,
842 667 966 739 quamvis
987 683 1044 723 non
1060 668 1099 722 vi·

196 753 277 810 deam
297 756 434 828 quomodo
455 754 657 811 rationabiliter
679 754 731 808 boc
750 751 861 822 fecerit3
884 759 993 808 etcum
1012 758 1041 808 et
1059 752 1100 810 iu·

194 839 299 896 stitiam
316 835 548 915 indeclinabiliter
564 844 592 894 et
609 838 696 893 vitam
710 855 789 900 suam
802 837 978 894 aeternaliter
990 855 1100 896 servans

188 917 330 994 potnerit,
356 926 466 983 fatebor
483 926 563 980 illum
580 925 637 980 tale
655 924 723 997 quid
740 929 839 994 sponte
856 923 1043 992 dedisseDeo
1063 925 1100 980 ad

194 1007 326 1066 honorem
343 1011 432 1080 illius,
455 1011 501 1066 cui
528 1009 660 1081 quicquid
687 1009 763 1080 qued
778 1008 856 1064 Deua
882 1027 938 1066 non
960 1014 1003 1066 est
1026 1027 1099 1066 com-

194 1097 287 1166 parari
305 1115 361 1152 non
376 1102 484 1169 potest,
508 1101 536 1151 et
561 1095 636 1167 quod
657 1111 709 1166 pro
727 1094 853 1151 omnibus
872 1096 995 1153 omnium
1013 1096 1099 1155 homi·

193 1199 260 1236 num
280 1183 380 1238 debitis
404 1183 608 1252 recompensari
623 1186 724 1252 potest
757 1181 826 1234 Am.
861 1180 908 1236 An
926 1199 982 1241 uon
1000 1181 1099 1240 intelli-
1118 1186 1132 1237 3

192 1265 253 1338 gis,
277 1266 344 1338 quia
366 1285 429 1322 oum
454 1267 569 1324 iniurias
590 1273 618 1324 et
638 1265 817 1322 contumelias
836 1273 864 1322 et
880 1274 995 1324 mortem
1011 1267 1100 1328 erucis

148 1343 156 1366 ’
186 1365 259 1420 ,eum
276 1351 430 1408 lenonibus
456 1353 510 1408 sibi
533 1351 617 1424 (sieut
633 1341 747 1422 supra2)¹
766 1353 895 1421 diximus)
913 1359 1027 1424 propter
1045 1353 1100 1409 ius·

193 1435 284 1492 titiam
309 1455 393 1510 quam
415 1439 576 1496 obedienter
592 1439 728 1508 servabat,
745 1438 838 1494 illatas
856 1438 978 1510 benigna
991 1435 1100 1510 patien-

194 1521 234 1576 tia
264 1524 409 1597 sustinuit3
446 1525 603 1596 exemplum
640 1524 718 1604 dedit
755 1523 927 1593 horninibus,
963 1529 1100 1596 quatenus
1136 1569 1139 1576 .

186 1615 309 1679 propter
331 1612 408 1664 nulla
433 1609 607 1666 incommoda
631 1625 703 1679 quae
731 1610 834 1664 sentire
857 1617 988 1679 possunt,
1016 1627 1033 1664 a
1059 1611 1100 1666 in·

193 1693 270 1748 stitia
284 1712 367 1766 qnam
380 1695 442 1749 Deo
457 1695 566 1762 debent,
585 1693 740 1762 dedinent3
761 1693 836 1764 quod
848 1694 960 1752 minim
970 1693 1101 1765 dedisset,

189 1779 219 1844 vei
243 1780 394 1836 secundum
422 1778 575 1848 potentiam
604 1794 682 1832 suam
714 1784 830 1834 mortem
852 1797 903 1851 pro
932 1780 982 1836 tali
1016 1797 1101 1838 cause

195 1864 302 1921 illatam
322 1863 506 1922 declinasset?
542 1867 609 1918 Bos.
637 1864 757 1920 Videtur
782 1864 857 1936 quod
874 1863 934 1935 ipse
950 1865 1030 1922 naba
1047 1857 1134 1922 boe4

195 1952 351 2024 exemplum
375 1950 540 2006 necessitate
566 1950 686 2020 dederit,
711 1950 842 2021 quoniam
869 1950 950 2013 multi
968 1957 1037 2007 ante·
1052 1951 1100 2008 ad·

194 2044 308 2092 ventum
338 2037 397 2093 eius
427 2041 456 2091 et
488 2035 607 2092 Ioannes
636 2036 759 2107 baptiste
786 2040 849 2106 post
868 2035 1017 2096 adventurn
1036 2043 1101 2092 ante

190 2128 311 2191 ¹mortem
337 2121 411 2191 eius,
438 2120 546 2178 fortiter
572 2127 686 2178 mortem
713 2139 764 2193 pro
791 2122 908 2178 veritate
934 2121 1100 2181 trutinantes

193 2206 265 2262 illud
288 2207 458 2264 sufficienter
483 2207 593 2262 dedisse
620 2211 779 2264 noscuntur.
821 2208 890 2262 Am.
925 2207 1027 2265 Nullus
1050 2202 1133 2264 uer-5

195 2309 279 2362 quam
308 2292 390 2348 homo
420 2298 531 2362 praeter
560 2291 639 2348 illum
670 2293 812 2348 moriendo
838 2294 900 2350 Deo
923 2293 1001 2348 dedit
1026 2293 1099 2362 qnod

194 2377 345 2448 aliquando
371 2377 535 2433 necessitate
560 2377 720 2447 perditurus
746 2395 802 2432 non
832 2384 907 2446 erat,
937 2383 988 2432 aut
1016 2377 1101 2432 solvit

195 2463 270 2534 quod
287 2479 343 2517 non
360 2461 489 2518 debebat
524 2461 576 2517 Ille
595 2479 660 2516 vero
684 2469 783 2534 sponte
799 2462 878 2516 Patri
901 2461 1003 2518 obtulit
1025 2461 1100 2534 qnod
1140 2507 1142 2512 .

194 2546 273 2604 nulla
288 2548 453 2604 necessitate
470 2563 594 2618 unquam
619 2546 769 2602 amissurus
798 2553 874 2616 erat,
901 2552 930 2602 et
951 2547 1101 2618 solvitpro

195 2632 386 2705 peccatoribus
408 2633 482 2706 quod
500 2650 550 2702 pro
574 2647 604 2686 se
621 2649 678 2687 non
696 2630 825 2710 debebat.
861 2631 1036 2703 Quapropter
1053 2632 1100 2690 ille
1118 2634 1133 2686 6

194 2718 283 2773 multo
323 2718 412 2788 magis
443 2717 519 2772 dedit
551 2718 721 2788 exemplum,
748 2723 780 2776 ut
808 2717 998 2790 unusquisque
1025 2718 1101 2790 quod

194 2804 347 2876 aliqnando
369 2803 562 2858 incunctanter
585 2803 737 2858 amissurus
760 2809 816 2873 est,
844 2821 894 2874 pro
910 2821 942 2859 se
961 2803 1022 2875 ipso
1039 2805 1100 2860 red·

196 2891 262 2947 dere
285 2890 361 2954 Deo,
390 2905 454 2944 oum
478 2889 707 2958 retiopostnn,
734 2905 791 2944 non
814 2888 938 2959 dubitet,
963 2891 1012 2962 qui
1037 2905 1101 2944 curn

194 2975 352 3032 mallatenus
370 2979 420 3028 aut
435 2989 486 3044 pro
512 2991 542 3030 se
568 2971 706 3044 indigeret
730 2980 780 3031 aut
798 2981 1013 3046 cogeretur-pro
1031 2972 1100 3040 aliis,

196 3061 298 3133 quibus
316 3059 384 3116 nibil
401 3059 455 3114 nisi
470 3075 589 3130 poenam
609 3056 745 3127 debebat,
770 3063 828 3116 tam
847 3058 996 3129 pretiosam
1014 3055 1101 3114 vitan

267 3309 278 3358 1
313 3301 347 3356 In
359 3279 449 3355 Mser.
466 3297 511 3354 hic
529 3267 627 3370 incipit
643 3315 666 3354 c
687 3301 727 3355 18.

265 3377 280 3427 2
312 3370 368 3427 Cir.
391 3386 415 3425 c.
440 3374 479 3439 11,
500 3371 532 3424 25
550 3385 594 3441 eq.
