2616 3826
244 305 289 377 54
424 303 453 362 S.
471 301 645 376 ausuum
658 299 971 364 canwamssusls

213 509 226 558 1
324 475 366 562 30
417 506 487 563 Au.
521 505 606 564 Unde
625 511 722 578 aperte
739 505 909 578 quandoque
924 506 1021 562 future
1036 513 1159 563 mortuo·

245 611 308 649 rum
336 589 503 648 resurreetio
537 590 680 664 probetur.
726 590 837 662 Quippe
864 591 889 646 ei
921 591 1003 648 homo
1032 592 1159 663 periente

246 677 445 735 mammons
462 682 511 746 eat,
528 675 595 732 talia
616 675 700 732 debet
719 676 837 748 restitui,
858 677 949 750 qualia
965 675 1077 732 funrns
1088 682 1158 746 erat,

212 764 271 819 tei
293 777 350 819 non
374 765 526 834 peoeaaeat
562 749 631 816 Bor.
666 761 757 818 Aliter
785 778 847 818 ease
870 779 930 817 non
951 767 1051 834 potest
1073 763 1158 818 'Ana

246 847 488 916 Quemadmodum
503 846 591 918 igitur
607 847 633 902 ai
649 863 707 902 non
716 852 862 919 peooaeeet
875 845 965 917 homo,
984 863 1049 902 eum
1060 847 1159 904 εοᾶεω

248 935 325 1008 quod
354 933 471 1007 gerebat
499 948 615 1003 torpore
643 932 674 986 in
703 931 993 1002 incorruptibilitatem
1021 937 1159 987 nummu·

247 1019 351 1076 tardus
370 1025 443 1088 erat,
463 1017 504 1073 itu
522 1022 646 1089 oportet,
663 1024 696 1073 ut
712 1032 777 1072 oum
793 1018 1010 1087 restaurabitur,
1028 1033 1091 1073 oum
1107 1033 1160 1072 ouo

214 1105 278 1162 din
307 1121 364 1178 quo
394 1103 465 1160 vivit
492 1103 522 1158 in
550 1103 606 1159 hau
636 1103 697 1158 vita
726 1119 841 1175 conpore
871 1109 1047 1158 restauretur.
1090 1105 1159 1158 Bou.

235 1191 324 1259 ἀπίει
342 1187 588 1261 respondebimus,
614 1188 638 1242 ai
655 1187 718 1260 quie
737 1188 826 1254 dicut,
845 1187 914 1260 quia
933 1187 987 1243 hou
1003 1187 1064 1243 fien'
1080 1203 1159 1258 opor-

250 1283 292 1334 tet
310 1277 346 1332 de
365 1274 421 1329 illie
439 1273 590 1345 inquibus
609 1273 762 1330 humanum
779 1289 868 1346 genua
887 1272 1101 1342 restaurabitur,
1124 1273 1161 1328 de

214 1359 376 1432 emproble
393 1375 460 1416 vero
477 1373 534 1413 nun
558 1365 601 1414 eat
625 1359 757 1415 nouenae?
792 1361 863 1414 Am.
897 1357 974 1416 Nihil
990 1358 1091 1414 iustius
1111 1363 1162 1412 aut

250 1444 460 1504 convenientius
486 1443 665 1515 intelligitur,
689 1460 773 1516 qnam
790 1451 835 1514 ut,
860 1443 933 1499 sicut
956 1443 1039 1500 hemo
1056 1444 1081 1498 ai
1098 1461 1160 1514 per-

249 1536 403 1586 memrot
426 1529 457 1586 in
479 1527 599 1598 iustitia,
621 1535 697 1584 totus
718 1530 737 1584 i.
756 1547 780 1585 e.
807 1527 901 1584 anima
924 1535 953 1584 et
977 1543 1092 1599 torpore
1115 1544 1161 1583 ae-

248 1621 328 1673 terne
343 1615 444 1672 beatus
463 1621 550 1686 aeaut,
572 1615 613 1672 ita
635 1613 660 1669 ui
683 1618 843 1685 peruenerat
867 1612 898 1668 in
916 1612 1066 1683 iniustitia,
1083 1618 1161 1668 ιοιιιε

249 1703 376 1760 similiter
397 1707 510 1760 autea-ne
533 1700 617 1757 miser
642 1699 688 1757 eit.
724 1701 793 1756 Boo.
827 1699 954 1756 Breviter
975 1699 1043 1756 mihi
1066 1699 1101 1756 de
1117 1699 1161 1754 hia

250 1787 418 1846 eutieieuiati.
1169 1793 1172 1798 '

219 1979 232 2031 1
331 1941 373 2030 40
425 1976 496 2029 Am.
531 1973 575 2028 Ex
598 1971 642 2026 hia
661 1975 704 2026 εει
720 1969 804 2026 facile
822 1987 1002 2043 cognoscere,
1030 1971 1163 2044 qnoniam

250 2063 302 2113 unt
316 2058 371 2114 hoo
390 2057 427 2114 de
442 2058 565 2112 hnmana
589 2061 691 2110 natura
716 2055 843 2124 perficiet
860 2055 939 2111 Deua
958 2056 1033 2126 quod
1050 2056 1163 2129 incepit,

252 2148 302 2198 ant
318 2141 350 2197 in
371 2158 474 2198 vanum
496 2137 564 2195 fouit
584 2144 644 2194 tam
668 2138 814 2194 molimen
838 2147 968 2195 naturum
992 2140 1029 2194 ad
1052 2145 1165 2198 tantum

218 2227 365 2284 thomum
399 2227 487 2282 Atei
509 2224 580 2279 nihil
602 2223 750 2295 pretiosius
777 2223 940 2296 agnoscitur
960 2224 1039 2280 Deua
1062 2225 1170 2284 ferisne

253 2327 338 2385 quam
354 2311 519 2368 rationalem
539 2316 669 2366 naturam
692 2307 730 2364 ad
753 2309 933 2381 gaudendum
958 2311 994 2368 ‹le
1013 2327 1056 2382 εε,
1081 2315 1166 2372 valde

253 2397 376 2460 alienum
394 2401 438 2456 eet
455 2396 493 2454 ab
517 2413 563 2467 eo,
588 2401 621 2452 ut
643 2395 731 2451 ullam
757 2393 922 2450 rationalem
939 2402 1067 2451 naturam
1085 2398 1171 2470 peni·

253 2490 299 2538 tue
316 2482 409 2555 perire
425 2481 506 2540 sinat
541 2485 612 2539 Boe.
647 2481 712 2539 Non
728 2485 822 2551 puteat
840 2479 921 2536 aliter
939 2489 1039 2552 putare
1056 2499 1105 2538 eor
1120 2501 1164 2539 ra-

219 2567 365 2625 ttionule.
401 2569 471 2624 Anu.
506 2567 628 2625 Νεεεεεε
651 2571 795 2640 erlongo,
821 2573 854 2620 ut
871 2564 907 2621 de
925 2566 1047 2624 humana
1063 2574 1166 2624 natira

253 2651 381 2721 perficiat
400 2653 475 2724 quod
493 2651 614 2724 incepit;
641 2650 696 2706 hoo
718 2656 812 2706 autem
838 2648 911 2719 fieri,
937 2652 1011 2709 siout
1036 2653 1164 2724 diximus,

253 2737 352 2804 nequit
368 2737 423 2794 niel
448 2753 500 2808 per
522 2738 661 2809 integrum
689 2737 799 2808 peceati
822 2735 1053 2810 satisfactionum,
1080 2755 1165 2810 quam

220 2817 348 2880 inullur
370 2829 501 2892 peooator
523 2822 618 2878 faeere
641 2827 741 2893 potest
778 2823 847 2876 Boe.
882 2820 1015 2898 intelligo
1037 2825 1094 2880 iam
1117 2842 1165 2880 ne·

254 2919 332 2962 ceree
356 2921 430 2976 eure,
459 2912 492 2964 ut
516 2905 595 2964 Deua
621 2905 750 2978 perficiat
775 2906 851 2979 quod
880 2906 996 2979 incepit,
1025 2925 1062 2965 ne
1083 2909 1168 2964 aliter

255 3007 340 3069 qnam
359 2989 491 3050 deoeutu
510 3008 562 3050 auo
581 2993 709 3064 inooepto
725 2991 854 3048 videatur
873 2991 999 3050 deficere.

223 3199 236 3250 l
332 3163 375 3249 50
423 3195 494 3254 Bou.
529 3193 585 3252 Sed
603 3194 627 3249 ai
647 3195 689 3252 ita
705 3201 755 3266 εει,
780 3193 892 3254 videtur
909 3197 990 3270 quasi
1007 3197 1071 3270 oogi
1086 3197 1165 3255 Deus

254 3280 423 3337 necessitate
451 3279 560 3336 vitandi
587 3279 789 3352 indenuntiam,
825 3288 858 3341 ut
889 3281 1007 3340 salutem
1035 3287 1171 3354 procuret

220 3365 414 3424 thumunum.
467 3364 612 3434 Quomodo
645 3381 712 3436 ergo
742 3369 842 3442 nagan
867 3367 987 3438 potuit,
1019 3367 1084 3438 plur
1112 3366 1166 3422 hoo
