2616 3826
457 1101 869 1213 esuriens

118 1650 120 1660 ,
204 1623 226 1672 1.
250 1617 390 1687 Quaestio,
411 1617 446 1675 de
464 1635 521 1690 que
537 1623 626 1674 totum
648 1637 717 1690 opus
735 1619 846 1691 pendet.

201 1726 226 1776 2.
252 1719 396 1784 Quomodo
412 1722 579 1793 uoeipienda
598 1729 663 1778 sunt
682 1739 723 1792 ee,
741 1739 812 1794 quoe
829 1721 1037 1776 dicendarum.

200 1827 225 1878 t.
253 1821 429 1881 Obisstiones
446 1824 603 1881 infidelium
625 1831 653 1882 et
670 1824 864 1897 responsiones
883 1823 1015 1883 fidelium.

200 1933 225 2010 4.Ι
253 1927 335 1992 Quod
362 1929 416 1985 hee
443 1929 637 1999 responsiones
663 1928 809 1984 videantur
831 1902 1075 1986 infidelibm‘rim
1098 1945 1145 1982 ne-

250 2013 380 2072 eessitete
397 2022 426 2070 et
443 2015 523 2087 quasi
544 2016 681 2087 quaedem
699 2016 833 2088 picturus.

201 2124 225 2172 5.
248 2117 330 2182 Quod
346 2119 478 2174 redemtio
498 2119 617 2174 hominis
635 2138 689 2174 non
708 2119 801 2191 potuit
819 2118 879 2174 fieri
899 2135 949 2189 per
963 2117 1047 2172 eliam
1059 2133 1146 2189 quem

250 2221 301 2274 per
320 2201 374 2260 Dei
391 2221 547 2275 personam.

124 2332 126 2336 ·
201 2313 225 2361 6.
249 2307 394 2373 Quomodo
420 2307 627 2379 reprehendant
649 2305 789 2376 infideles,
816 2308 891 2379 quod
918 2306 1036 2362 dicimus
1049 2305 1145 2362 Deum

252 2399 341 2449 morte
362 2412 414 2449 sua
436 2411 486 2448 nos
514 2393 664 2448 redemisse
682 2401 710 2448 et
729 2393 769 2448 sio
787 2393 964 2448 dilectionem
982 2409 1061 2446 suam
1079 2407 1145 2463 ergo

252 2497 302 2534 nos
320 2479 474 2536 ostendisse
490 2485 517 2535 et
529 2497 579 2550 pro
592 2479 672 2534 nobis
690 2494 850 2550 expugnare
869 2476 1011 2533 diabolum
1028 2479 1145 2536 vonisse

203 2587 227 2636 7.
252 2581 334 2648 Quod
353 2585 458 2640 nullam
476 2581 604 2638 diabolus
624 2581 746 2636 habebat
764 2578 898 2634 iustitium
912 2581 1048 2666 adversus
1059 2581 1145 2638 homi-

253 2684 324 2738 nem,
346 2677 375 2726 et
394 2687 480 2744 quare
497 2669 626 2726 videatur
639 2666 779 2736 habuisse,
803 2671 832 2722 et
845 2683 895 2720 eur
907 2665 985 2722 Deus
997 2668 1050 2724 hoo
1063 2669 1145 2725 modo

251 2751 389 2810 hominem
407 2754 574 2814 liberaverit.

201 2863 225 2913 8.
251 2856 409 2927 Quomodo,
434 2860 501 2916 lieet
522 2858 638 2914 humilio
664 2875 736 2928 quae
753 2857 871 2914 dicimus
889 2858 925 2914 de
943 2857 1066 2928 Christo,
1090 2876 1145 2914 non

252 2943 411 3017 pertineant
428 2946 465 3000 ed
482 2945 665 3013 divinitatem,
689 2942 884 3000 inconveniens
902 2943 1030 2998 videatur
1046 2943 1143 2998 infide-

253 3031 327 3088 libus
353 3047 387 3085 ee
403 3031 438 3086 de
459 3032 507 3087 illo
527 3032 582 3087 diei
602 3031 754 3087 secundum
777 3030 929 3098 hominem,
952 3035 980 3085 et
997 3029 1072 3085 unde
1089 3029 1146 3084 illis

253 3118 381 3173 videatur
398 3116 472 3172 idem
489 3118 571 3173 homo
591 3137 647 3174 non
665 3124 763 3187 sponte
783 3122 907 3172 mortuus
927 3132 995 3170 esse.

201 3231 225 3280 9.
251 3221 333 3287 Quod
351 3225 448 3293 sponte
465 3227 591 3276 mortuus
608 3221 652 3289 sit,
671 3225 700 3275 et
719 3219 786 3292 quid
801 3219 838 3274 sit
847 3221 949 3288 sactus
960 3226 1000 3272 est
1015 3219 1145 3273 obedieris

252 3326 338 3380 usque
355 3309 397 3363 od
415 3314 540 3376 mortem,
558 3315 584 3360 et
597 3314 716 3375 propter
728 3306 806 3374 quod
816 3307 895 3358 Deus
906 3302 988 3419 erum
1000 3304 1141 3373 mellend,
