2616 3826
229 293 271 364 14
405 291 433 350 S.
453 289 626 356 lolem
644 289 953 348 ouuwmmueie

224 459 382 518 obediendo
413 460 629 532 perseveravit„
648 460 788 522 euetimit
830 459 904 522 Nem
926 459 1138 532 illiue-esini

225 561 300 604 more
329 546 396 616 quie
422 545 544 618 pereutit
570 545 599 600 in
630 546 801 616 obedientie,
828 551 858 602 et
887 545 960 602 huno
989 543 1136 615 euetinuit3

226 631 276 688 eod
296 631 436 702 quomodo
457 631 510 686 hoo
529 630 688 688 obedientie
711 648 768 688 nou
794 631 905 704 exiget,
930 647 987 686 non
1003 627 1137 700 intelligo.

192 715 209 766 6
228 717 303 772 Auu-
318 715 357 772 si·
367 716 449 772 homo
465 732 608 788 nunquam
625 725 782 788 peeuereet,
801 717 916 774 deberet
934 715 994 786 peti
1010 721 1136 784 mortem,

192 801 276 861 'lent
300 802 414 858 deberet
433 801 511 858 Deue
535 801 587 857 hoo
612 802 649 858 ab
671 802 719 858 illo
737 801 869 874 exigere?
904 802 973 856 Boe.
997 800 1136 865 Quemad-

185 913 190 928 ι
225 887 340 944 modum
365 887 518 955 oredimus,
541 901 592 943 neo
614 886 697 944 hemo
724 890 876 942 moreretur
901 902 954 942 neo
971 885 1025 941 hoe
1043 887 1136 958 exige

224 978 302 1030 retur
327 973 363 1028 ub
385 973 450 1043 illue
474 973 524 1030 sed
547 971 631 1031 huin
652 972 693 1028 rei
716 976 779 1028 ete
796 970 893 1026 audire
910 971 974 1033 volo
990 971 1135 1034 tutionem.

224 1060 295 1116 Aue.
322 1058 497 1114 Rationalem
524 1062 680 1114 euenturum
706 1057 808 1116 iusum
827 1055 931 1115 tuemur
957 1073 1017 1114 eeee
1043 1061 1073 1116 et
1098 1055 1135 1110 nd

176 1119 284 1214 Xhoo,
307 1151 340 1200 ut
357 1143 418 1198 Deo
436 1143 554 1201 fruendo
573 1143 657 1199 beate
676 1149 758 1212 eeeet,
774 1159 831 1196 non
847 1157 942 1213 neges.
973 1143 1043 1198 Boe.
1062 1142 1135 1200 Non.

190 1228 295 1286 Sitne.
321 1230 383 1286 Deo
405 1237 498 1284 eutem
523 1245 700 1300 nequequam
726 1226 885 1284 eeetimubie
912 1225 1074 1296 convenire,
1102 1230 1135 1282 ut

224 1331 309 1387 quum
334 1315 402 1370 seuit
426 1313 527 1368 iustum
553 1315 589 1368 ed
616 1312 834 1382 beatitudinem,
861 1317 944 1383 oogut
969 1310 1029 1366 eine
1052 1309 1136 1382 eulpa

224 1415 294 1472 esee,
314 1399 461 1468 miserem
493 1399 633 1456 homiuem
661 1397 735 1454 enim
763 1397 881 1452 invitum
907 1395 977 1452 mori
1003 1395 1135 1452 minorum

190 1484 207 1534 9
225 1489 276 1540 oet
312 1487 382 1540 Boe.
405 1483 500 1552 Petet,
527 1482 593 1555 quie
609 1484 635 1538 ei
655 1499 711 1538 non
729 1488 875 1553 peeeaeeet
890 1482 985 1551 homo,
1010 1499 1067 1539 non
1087 1482 1134 1538 de-

175 1570 207 1622 1⁰
225 1568 305 1626 beret
329 1569 407 1624 Deue
434 1568 470 1624 nb
500 1584 533 1624 eo
563 1573 680 1625 mortem
705 1568 824 1641 exigere.
854 1570 941 1634 ,Anu
975 1567 1039 1626 Non
1067 1584 1134 1639 ergo

224 1654 318 1727 coegit
335 1656 414 1712 Deue
435 1653 575 1712 Christum
592 1652 675 1724 mori,
701 1653 732 1710 in
755 1671 812 1727 quo
836 1653 944 1710 nullum
965 1653 1020 1710 fuit
1036 1669 1135 1724 peote-

223 1745 299 1812 tum3
325 1741 375 1796 eed
401 1741 461 1813 lpse
483 1745 582 1811 eponte
602 1739 736 1795 euetinuit
763 1745 895 1810 mortem,
921 1756 978 1796 non
1002 1757 1054 1811 per
1071 1737 1136 1796 obe-

223 1825 358 1882 dientium
384 1825 530 1882 deserendi
554 1824 641 1880 vitem
664 1825 715 1882 sed
739 1832 854 1898 propter
872 1825 1060 1882 obedientium
1079 1841 1136 1880 eer-

207 1899 309 1964 vvendi
336 1909 485 1980 iustitiam,
514 1911 542 1964 in
573 1927 629 1981 que
654 1917 713 1965 tem
739 1909 849 1966 fortiter
875 1908 1075 1982 perseveravit,
1103 1915 1136 1965 ut

174 1990 203 2041 ¹1
223 1987 290 2048 inde
310 2000 425 2048 mortem
448 1995 607 2048 incurreret
642 1995 741 2049 Potest
766 1994 852 2049 etiem
875 1993 946 2061 diei,
973 1994 1039 2063 quie
1056 2009 1135 2064 pree·

223 2077 301 2147 oepit
319 2077 360 2130 illi
378 2077 448 2131 mori
464 2077 550 2132 Peter
573 2093 637 2132 oum
663 2073 718 2132 hoo
742 2077 899 2148 praecepit,
927 2077 1002 2130 unde
1020 2075 1137 2150 incurrit

222 2163 347 2216 mortem.
383 2157 428 2216 Ite
446 2177 514 2234 ergo
531 2161 602 2217 uictu
619 2163 784 2216 mandatum
804 2163 884 2216 dedic
905 2159 946 2216 illi
964 2162 1069 2229 Palm,
1092 2161 1145 2216 eiu⁴

206 2245 304 2316 ¹feeit,
332 2252 361 2302 et
386 2247 515 2318 culicem,
541 2265 620 2318 quem
645 2247 782 2317 doduni,
810 2246 897 2318 bibit3
925 2252 954 2301 et
973 2247 1070 2319 suclue
1088 2253 1136 2304 eet

223 2332 356 2388 obedieue
373 2330 453 2386 Petri
476 2349 566 2405 usque
593 2334 629 2388 ed
646 2337 777 2404 mortem3
804 2329 890 2388 etsie
907 2331 1012 2386 didicit
1031 2347 1064 2386 eo
1082 2333 1135 2403 hie,

223 2436 295 2490 quiae
319 2436 423 2489 paeone
449 2427 501 2485 eet,
531 2420 734 2487 obedientium,
763 2419 782 2474 i.
802 2436 835 2498 e,
862 2434 1006 2490 quousque
1033 2417 1135 2476 debent

174 2501 205 2552 ¹²
223 2505 328 2562 servari
354 2505 520 2563 obedientie.
560 2505 686 2564 Verbum
713 2509 808 2559 autem
834 2503 909 2576 quod
936 2504 1059 2575 positum
1077 2509 1135 2575 eet,

226 2594 346 2658 didicit,
390 2593 499 2649 duobus
533 2592 622 2648 modie
658 2589 779 2662 intelligi
813 2593 914 2661 potest
967 2589 1027 2646 Ant
1061 2590 1135 2647 enim

224 2677 330 2729 didicit
355 2677 461 2731 dietum
489 2684 532 2734 eet
556 2695 621 2748 pro:
649 2677 718 2732 elios
746 2673 814 2730 feeit
841 2673 962 2745 dineere,
990 2681 1041 2731 eut
1059 2673 1135 2748 quie,

223 2761 300 2832 quod
319 2776 371 2830 per
388 2760 532 2817 scientium
555 2778 612 2816 non
633 2760 794 2834 ignorabat,
818 2759 1005 2830 experimento
1023 2761 1134 2816 didicit.

173 2844 204 2895 13
223 2845 307 2910 Quod
335 2851 429 2902 eutem
460 2846 616 2919 apostolus,
650 2862 715 2902 oum
745 2844 876 2900 dixieeei:
908 2846 1066 2901 humiliavit
1093 2861 1138 2898 ees

222 2931 377 3001 metipsum,
404 2933 503 2998 suotue
530 2934 661 2986 obediens
686 2947 773 3001 nequae
798 2931 841 2984 ud
865 2940 993 3000 mortem,¹
1018 2936 1133 2984 monem

224 3023 317 3072 autem
347 3017 453 3083 omrem,
479 3013 618 3071 subdidit:
643 3023 763 3086 propter
789 3015 867 3088 quod
891 3023 918 3073 el
946 3020 1028 3072 Deue
1052 3013 1138 3068 illum·

224 3102 372 3170 manavir,
398 3109 426 3158 et
447 3101 564 3155 ἀοπαυίι
584 3101 633 3154 illi
655 3119 770 3166 nomeu,
793 3104 872 3172 quod
894 3110 1036 3170 estsuper
1053 3114 1133 3152 omne

222 3191 364 3255 uomeu‚¹)
391 3186 438 3242 oui
459 3184 547 3241 eimile
572 3191 614 3242 eet
636 3187 712 3258 quod
729 3187 824 3244 David
847 3187 928 3270 dixit:
958 3186 993 3240 de
1011 3191 1132 3238 torrente

242 3327 244 3340 '
297 3341 324 3411 ι)
339 3319 463 3414 Philipp.
481 3347 507 3412 2,
522 3346 548 3400 e.
659 3327 662 3336 “
