2616 3826
378 291 455 356 ουκ
473 297 574 356 naus
593 299 711 358 ΗοΜο.
746 293 770 357 1.
790 305 831 356 25.
1019 297 1061 366 51

149 471 186 526 ad
214 470 268 526 hoc
292 467 421 540 provehi,
448 469 487 524 ed
514 467 588 541 quod
614 469 705 526 factus
732 474 782 524 ert.
818 467 995 539 Quapropter
1011 474 1061 523 aut
1080 468 1112 520 lo

150 561 228 612 extra
255 553 340 610 fidem
368 554 547 610 christianam
579 555 746 611 invenienda
781 560 824 609 cst
849 555 959 626 peccati
981 553 1060 609 catie-

144 640 243 710 ¹factio,
263 641 374 713 qualem
394 657 479 712 supra
499 657 559 696 eece
579 639 681 696 debere
695 637 875 710 ostendimus,
893 640 969 712 quod
980 639 1059 696 nulla

148 727 219 781 ratio
252 732 346 797 potest
375 727 536 796 ostendere,
564 729 614 780 aut
643 723 833 780 indubitanter
859 726 889 780 in
918 725 968 780 ilia
998 743 1058 782 eece

149 812 289 868 credenda
315 818 365 868 est.
409 811 490 877 Quod
514 811 589 866 enim
611 810 767 866 necessaria
791 810 899 866 ratione
923 811 1058 866 veraciter
1077 812 1108 864 11

148 915 207 953 ease
227 897 382 970 colligitur,
408 896 439 950 id
463 896 493 951 in
516 889 621 951 nullam
649 897 733 952 debet
758 896 859 952 deduci
878 896 1057 967 dubietatem,

96 1030 101 1040 .
148 975 256 1038 etiam
275 983 346 1038 ratio
368 983 507 1054 quomodo
525 982 563 1036 eit
581 1000 639 1040 non
654 981 814 1053 percipitur.
848 983 916 1038 Boe.
950 981 1057 1038 Verum

147 1067 283 1139 estquod
303 1067 380 1124 dicis.
416 1070 486 1122 Aac.
505 1065 580 1132 Quid
597 1083 665 1140 crgo
683 1067 795 1139 quaeris
813 1060 952 1139 amplius?
987 1064 1108 1122 Boa12

145 1149 211 1209 Non
236 1153 273 1207 ad
297 1151 350 1208 hoc
371 1153 450 1224 reni,
474 1159 507 1210 ut
529 1153 641 1210 auferas
664 1153 732 1208 mibi
754 1153 821 1208 fidei
845 1153 1057 1223 dubitationem,

146 1237 196 1293 sed
214 1242 247 1292 ut
264 1239 394 1296 ostendas
411 1237 480 1293 mihi
494 1238 668 1294 certitudinis
688 1255 767 1295 meae
784 1237 965 1311 rationcm¹);
989 1255 1057 1311 qua·

144 1317 259 1392 propter
285 1321 358 1377 sicut
381 1340 426 1379 me
457 1323 661 1380 rationabiliter
693 1323 832 1380 deduxisti
860 1325 899 1380 ad
928 1324 995 1396 hoc,
1024 1329 1057 1380 ut

145 1405 256 1462 rideam
289 1406 428 1466 hominem
464 1415 640 1482 peccatorem
678 1411 732 1466 hoc
767 1409 869 1468 debere
904 1409 966 1467 Deo
1004 1427 1057 1482 pro

144 1497 269 1562 peccato,
283 1495 363 1578 ¹quod
382 1501 410 1550 et
426 1495 545 1552 reddere
562 1496 662 1568 nequit
677 1503 705 1552 et
724 1497 778 1550 nisi
788 1495 943 1553 reddiderit
954 1497 1056 1552 salvari

144 1593 201 1632 non
223 1578 314 1633 valet:
341 1579 382 1634 ita
408 1580 471 1635 volo
496 1596 540 1634 mc
565 1581 703 1650 perducas
728 1582 809 1650 illuc,
838 1589 871 1636 ut
896 1581 1057 1637 rationabili

143 1662 311 1718 necessitate
336 1662 492 1736 intelligam
517 1681 578 1720 esse
602 1672 734 1737 ‘oportere
767 1664 861 1720 omnia
889 1663 952 1734 illa,
984 1680 1057 1734 quae

143 1747 225 1802 nobis
251 1746 320 1805 fides
347 1747 486 1805 catholica
516 1749 552 1805 de
579 1749 688 1806 Christo
714 1751 826 1807 credere
851 1747 1004 1819 praecipit,
1033 1749 1057 1803 ei

134 1832 272 1887 -rolumue
300 1831 415 1901 salvari,
444 1839 472 1889 et
500 1833 569 1908 quid
591 1835 704 1891 valeant
730 1836 768 1890 ad
790 1834 910 1890 salutem
928 1831 1055 1905 homi-nis,

141 1923 173 1976 ct
191 1917 311 1990 qualiter
328 1917 406 1972 Deua
426 1919 615 1975 miceriocrdia
633 1917 723 1974 calvet
739 1918 891 1988 hominem,
919 1933 983 1974 oum
1000 1934 1056 1973 non
1072 1919 1080 1930 ’·

141 2003 267 2059 dimittat
285 2003 328 2058 illi
344 2008 500 2074 peccatum,
517 2005 572 2060 niei
589 2005 743 2061 reddiderit
762 2005 838 2078 qued
852 2009 968 2076 -propter
984 2003 1056 2058 illud

139 2090 242 2160 =dcbet3
263 2096 295 2146 ct
316 2095 350 2146 ut
374 2090 507 2146 certiores
525 2090 583 2146 rint
599 2088 853 2162 argumentationes
875 2095 963 2159 tuae,
979 2090 1020 2144 cic
1035 2103 1057 2145 a

89 2169 93 2176 '
143 2173 227 2246 longe
253 2176 357 2246 incipe,
383 2181 417 2230 ut
440 2192 489 2231 eac
516 2190 600 2248 supra
621 2173 731 2230 firmum
753 2173 970 2232 tundamentum
988 2191 1055 2232 uon·

143 2257 252 2314 etitnaa
287 2262 358 2317 Aac.
394 2259 519 2316 Adiuvat
537 2277 581 2315 me
600 2276 675 2314 nunc
693 2260 783 2330 Deus,
800 2261 869 2332 quia
886 2267 919 2315 tn
937 2261 1054 2317 nudate·
1074 2263 1105 2314 13

142 2357 198 2396 nue
224 2344 291 2398 mihi
313 2345 406 2416 porcia
430 2361 484 2400 nec
506 2345 665 2400 concideres
684 2343 904 2400 imbecilitatem
921 2345 1054 2400 scientiae

143 2443 237 2496 meae,
263 2430 309 2484 cui
325 2435 536 2504 tnm‘magnum
554 2446 624 2500 opus
641 2428 771 2499 iniungis.
807 2429 934 2485 Tentebo
951 2435 1053 2501 tamen,

142 2509 370 2584 quandoquidem
392 2515 497 2586 incepi,
522 2531 579 2570 non
598 2513 628 2568 in
645 2529 690 2568 me
709 2512 759 2568 red
776 2513 806 2568 in
823 2513 885 2569 Deo
902 2513 1053 2583 confidens,

141 2602 173 2654 et
206 2597 309 2652 faciam
339 2601 414 2670 quod
445 2601 507 2672 ipen
545 2599 696 2654 adiuvante
724 2603 830 2670 potero.
866 2597 922 2654 Sed
950 2613 987 2656 ne
1012 2601 1053 2657 fa·
1073 2597 1106 2650 ll

139 2683 259 2740 stidium
284 2683 353 2741 hacc
381 2686 485 2743 volenti
511 2685 605 2757 legere
631 2684 713 2739 nimis
737 2684 825 2756 longa
846 2685 1054 2744 continuatione

142 2775 301 2842 generetur,
320 2786 338 2824 a
357 2769 438 2826 dictis
452 2771 575 2827 dicenda
591 2771 646 2828 alio
663 2769 776 2826 exordio
794 2769 1006 2846 dietinguamua

216 2962 241 3026 1)
260 2959 319 3014 Cfr.
336 2965 392 3014 c.1
421 2964 452 3014 2:
483 2959 582 3030 „Quod
599 2963 708 3030 petunt,
725 2975 780 3014 non
800 2965 833 3016 ut
850 2963 1053 3034 patrationem

139 3028 181 3083 ad
206 3028 291 3084 fidem
316 2997 458 3110 accedent,
484 3029 534 3086 ced
559 3033 592 3083 ut
616 3045 710 3098 eorum
738 3045 809 3101 quae
834 3031 953 3088 credunt
973 3031 1053 3088 intel-

139 3095 218 3154 lecta
233 3104 263 3155 ct
280 3098 514 3169 contemplatione
533 3099 729 3155 delectentur.“
