2616 3826
165 269 168 276 “
232 291 276 356 73
416 288 445 345 a
461 285 633 375 mamm
649 285 956 346 esurummusrs

180 457 213 509 14
231 459 287 524 Sed
313 459 590 526 videmuseoontra,
625 457 691 530 quia
719 457 795 528 quod
822 457 900 513 Deus
930 457 1138 514 immutabiliter

230 543 304 612 vult,
327 561 383 599 non
406 547 501 614 potest
522 559 578 597 non
601 559 678 612 esse,
704 543 754 597 sed
772 559 884 598 neoesse
902 550 945 597 est
961 560 1029 598 esse.
1065 542 1138 606 Qua·

228 634 343 702 propter
366 627 390 683 si
414 627 492 682 Deus
518 626 607 683 voluit
637 631 670 680 ut
697 625 744 683 ille
771 627 853 682 homo
884 635 1051 698 moreremur,
1081 645 1138 684 non

179 710 211 762 15
228 712 321 784 potuit
339 729 395 768 non
413 713 491 770 mori.
525 715 595 771 Arse.
623 711 667 770 Ex
686 729 727 782 eo,
746 712 812 785 quia
826 713 915 768 Filius
933 713 988 770 Dei
1007 713 1138 770 assumsit

219 795 368 853 bominem
396 815 430 852 ea
456 800 600 856 voluntate
625 806 658 855 ut
688 805 855 868 moreretur,
887 797 989 870 probas
1019 800 1138 856 eundem

109 931 113 940 .
228 881 367 938 hominem
394 900 451 939 non
477 885 601 954 potuisse
627 901 683 939 non
707 885 784 938 mori.
828 888 897 940 Boe.
933 881 978 939 Ita
1003 883 1137 956 intelligo.

179 967 211 1022 16
229 971 300 1024 Ana.
318 969 365 1022 An
382 985 438 1022 non
456 968 581 1024 similiter
604 969 735 1040 apparuit
759 987 792 1024 ex
815 969 858 1023 his
881 986 953 1041 quae
971 967 1136 1038 dictasunt,

228 1054 331 1110 Filium
348 1051 402 1108 Dei
425 1059 454 1109 et
465 1048 629 1111 'assumtum
647 1055 786 1110 hominem
803 1073 888 1111 unam
904 1071 965 1110 osse
981 1071 1136 1125 personam,
1243 1048 1248 1060 '

228 1144 260 1195 ut
277 1139 352 1193 idem
370 1137 406 1194 sit
423 1138 501 1194 Deus
521 1140 657 1206 ethome,
684 1139 759 1195 filius
776 1139 832 1195 Dei
850 1145 880 1194 et
898 1139 1024 1211 Virginis
1041 1138 1135 1194 filius?

180 1229 210 1282 17
229 1227 297 1279 Bos.
337 1223 384 1280 sie
408 1230 458 1280 est.
493 1226 564 1281 Ans.
601 1219 681 1282 Idem
707 1225 793 1298 igitur
815 1225 898 1282 homo
923 1241 975 1278 sua
993 1223 1137 1278 voluntate

179 1313 211 1364 18
228 1326 285 1365 non
310 1303 410 1379 ‘potuit
444 1326 501 1364 non
535 1307 604 1364 moii
638 1317 667 1365 et
702 1317 827 1366 mortuus
864 1315 914 1365 est.
975 1310 1043 1362 Boa.
1082 1308 1137 1362 Ne·

227 1409 296 1466 gare
318 1409 433 1464 nequeo.
468 1395 538 1448 Ans.
576 1393 713 1460 Quoniam
741 1413 807 1468 ergo
831 1396 959 1450 voluntas
978 1392 1032 1447 Dei
1058 1391 1137 1459 nulla

227 1477 392 1535 necessitate
416 1477 485 1532 faeit
508 1477 615 1550 aliquid
634 1481 684 1535 sed
710 1497 761 1535 sua
782 1485 932 1552 potestate,
955 1484 983 1534 et
1006 1476 1136 1533 voluntas

129 1634 131 1637 ι
227 1562 302 1618 illius
329 1561 383 1618 fuit
411 1563 541 1619 voluntas
560 1563 629 1636 Dei,
657 1565 735 1620 nulla
762 1565 927 1620 necessitate
951 1569 1077 1638 mortuus
1095 1569 1138 1618 est

105 1661 107 1668 ·
177 1646 210 1698 19
227 1648 277 1704 sed
305 1648 365 1704 sola
388 1645 445 1704 ‘sua
475 1654 621 1720 potestate.
658 1653 727 1705 Bos.
758 1650 1056 1722 Argumentationibus
1080 1651 1136 1720 tuis

227 1732 341 1789 obviare
368 1748 493 1807 nequent
521 1753 586 1792 nam
612 1754 664 1793 neo
691 1736 892 1808 propositiones
916 1755 985 1808 quas
1007 1737 1136 1809 praemit-

226 1818 280 1888 tis,
309 1835 361 1874 neo
381 1822 593 1893 consequentias
618 1839 687 1893 quas
711 1822 811 1892 insere,
834 1823 975 1878 ullatenus
997 1814 1136 1876 infirmare

174 1905 210 1956 20
227 1905 312 1960 valeo.
350 1903 406 1960 Sed
422 1911 515 1961 tamen
532 1906 586 1960 hoo
602 1905 670 1961 mihi
695 1923 804 1978 semper
828 1907 947 1962 ooourrit
969 1909 1045 1979 quod
1064 1907 1135 1960 dixi:

228 1991 294 2061 quia
317 1990 341 2044 si
365 1991 449 2046 vellet
476 2007 532 2045 non
552 1991 634 2062 mori,
659 2010 715 2048 non
734 1992 824 2063 magis
842 1991 895 2047 hoo
913 2000 1021 2064 posset,
1052 2009 1136 2063 quam

226 2091 283 2128 non
301 2091 361 2129 esse
379 2074 455 2144 quod
471 2081 546 2140 erat3
573 2093 638 2131 vere
654 2093 775 2146 namque
792 2077 941 2130 moriturus
959 2083 1031 2145 erat,
1050 2093 1135 2148 quon·
1167 2067 1171 2074 “

226 2155 282 2212 iam
300 2157 324 2210 si
342 2168 407 2212 voro
425 2174 481 2212 non
498 2157 598 2214 fuisset
616 2159 772 2230 moriturus,
792 2177 849 2214 non
863 2159 964 2216 fuisset
983 2177 1049 2216 vera
1065 2159 1134 2222 fides

163 2280 174 2296 ,
226 2241 337 2298 futurae
356 2241 452 2298 mortis
471 2242 545 2312 eius,
566 2261 618 2314 per
636 2261 720 2316 quem
738 2250 767 2299 et
786 2245 836 2300 illa
852 2243 941 2318 Virgo
959 2246 994 2300 de
1013 2263 1069 2317 qua
1085 2263 1134 2300 na-

174 2323 207 2378 21
226 2332 338 2397 tuaest,
365 2332 393 2380 et
417 2325 465 2382 alii
487 2327 568 2383 meriti
593 2331 720 2386 mundati
741 2338 841 2386 sunta
860 2338 985 2402 peooato.
1021 2331 1093 2388 Nam
1111 2333 1136 2386 si

225 2429 292 2490 vera
315 2429 371 2468 non
394 2412 507 2484 fuisset,
531 2415 602 2470 nihil
624 2417 756 2488 prodesse
779 2416 924 2488 potuisset.
961 2414 1135 2487 Quapropter

226 2497 250 2550 si
269 2498 362 2570 potuit
378 2515 435 2554 non
454 2499 536 2569 mori,
557 2499 650 2572 potuit
676 2501 769 2557 faoere
792 2519 848 2557 non
865 2517 925 2556 esso
943 2516 1040 2554 verum
1059 2501 1134 2572 quod

174 2584 208 2635 22
225 2597 321 2636 verum
346 2588 414 2637 erat.
450 2585 519 2639 Ans,
558 2584 648 2650 Quare
671 2604 767 2642 verum
791 2593 850 2643 erat
874 2592 1023 2658 antequam
1047 2603 1133 2642 mora·

179 2685 184 2698 ·
224 2671 314 2736 retur,
342 2667 408 2737 quia
434 2669 582 2724 moriturus
607 2669 684 2725 erat?
726 2673 794 2726 Bos.
831 2671 968 2736 Quoniam
991 2671 1046 2728 hoo
1072 2672 1133 2742 ipse

173 2756 323 2820 torpente
348 2752 436 2807 voluit
462 2759 490 2809 et
517 2755 684 2810 immutabili
709 2756 860 2812 voluntate„
894 2758 963 2812 Aba.
1002 2757 1031 2812 Si
1056 2773 1131 2830 ergo,

224 2835 298 2890 siout
317 2836 400 2906 diois,
425 2838 529 2893 ideireo
545 2856 602 2893 non
618 2840 710 2911 potuit
727 2859 782 2896 non
798 2841 885 2912 mori,
909 2841 976 2914 quia
992 2858 1056 2897 vere
1075 2861 1131 2899 mo

224 2919 327 2974 ritunus
349 2928 417 2990 erat,
443 2927 471 2974 et
490 2921 552 2976 ideo
571 2941 635 2980 vere
654 2931 714 2980 erat
731 2927 892 2997 moriturus,
917 2929 983 2998 quia
1002 2927 1054 2983 hoo
1072 2928 1132 2999 ipse

225 3011 324 3077 sponte
350 3012 379 3061 et
402 3005 610 3065 immutabiliter
634 3011 738 3074 voluit;
764 3011 889 3082 sequitur
915 3013 993 3067 illum
1015 3030 1070 3067 non
1094 3012 1130 3066 ob

225 3091 302 3146 aliud
329 3109 385 3147 non
416 3092 540 3164 potuisse
576 3112 632 3149 non
668 3094 748 3165 mori,
783 3095 837 3148 nisi
867 3095 934 3166 quia
964 3096 1131 3152 immutabili

174 3178 208 3230 24
224 3175 368 3233 voluntate
390 3176 478 3234 voluit
499 3177 576 3233 mori.
621 3179 689 3234 Bos.
725 3179 769 3234 Ita
793 3186 848 3250 est3
873 3182 923 3236 sed
948 3198 1131 3254 quaeeunque

225 3259 310 3316 fuerit
329 3279 422 3333 eausa,
441 3278 538 3317 verum
557 3268 711 3320 esttamen
729 3266 796 3336 quia
813 3283 870 3322 non
881 3267 973 3337 potuit
984 3286 1040 3323 non
1053 3267 1130 3336 mori,
1153 3295 1154 3300 κ

173 3348 208 3400 25
226 3351 255 3398 et
271 3362 384 3401 neoesse
401 3347 455 3402 fuit
472 3348 551 3404 illum
567 3346 644 3402 mori.
679 3354 749 3406 Aoo.
773 3351 861 3410 Nimis
879 3351 977 3408 haeres
996 3352 1026 3406 in
1044 3353 1130 3408 nihilo
