2616 3826
456 349 675 407 PRAEFATIO
692 347 880 407 EDITORIS.
1118 351 1150 394 ¹1

188 523 426 590 ecclesiastieae
443 545 471 589 a.
488 523 520 590 S.
535 523 693 590 Anselmo'
704 529 815 588 eontra
830 522 1023 590 Guilelmum
1038 543 1149 608 regem

188 616 353 694 suseepta3
384 629 467 693 quae
500 609 574 673 dum
604 610 812 693 gerebantur,
845 614 954 674 nostro
987 609 1150 694 denegata

188 700 238 760 est
259 715 277 760 o
301 695 481 779 portunitas
497 715 596 778 saepe
618 695 651 759 in
665 693 867 759 remotiorem
883 713 1029 760 camerae
1044 696 1149 760 loeum

188 716 360 846 seaedbnoi
382 779 636 862 coelestibusque
662 779 775 844 studiis
797 777 1002 862 inhaerendi3
1032 799 1071 844 ao
1093 801 1149 846 va-

188 865 255 931 riae
290 864 511 931 tribulationes
543 884 616 928 eum
653 869 839 948 coegerunt,
874 863 907 927 in
941 863 1149 948 longinquum

188 957 314 1034 tempus
336 949 464 1014 differre
480 949 650 1014 voluminis
670 949 756 1016 illius
779 948 885 1033 coepti
907 951 1150 1017 consummatio*

188 1055 271 1100 nem.
314 1035 458 1099 Tandem
487 1033 609 1098 flumini
638 1054 672 1100 se
702 1034 830 1100 obvium
856 1033 939 1098 ferre
967 1037 1071 1100 solum
1092 1037 1164 1102 im·'

189 1127 302 1204 potens
336 1119 379 1184 ad
411 1120 521 1186 sedem
553 1120 763 1203 apostolicam
802 1118 959 1202 coniugit3
998 1118 1033 1184 id
1066 1121 1150 1204 quod

189 1224 288 1290 supra
316 1225 391 1288 pag.
418 1207 448 1269 V
481 1204 711 1269 enarravimus.
765 1204 827 1267 Per
855 1204 916 1268 hoo
947 1212 1054 1268 autem
1084 1207 1150 1272 exi·

188 1289 267 1354 lium
296 1290 445 1354 Italicum
471 1289 631 1355 Iohannes
662 1289 771 1355 Abbas
801 1289 945 1354 coenobii
975 1289 1006 1355 S.
1037 1291 1149 1355 Salva-

189 1375 267 1440 toris
291 1375 378 1461 apud
399 1375 539 1440 Telesim
562 1374 596 1439 in
622 1375 779 1460 Capuana
801 1375 967 1457 provincia
989 1376 1052 1461 siti,
1075 1377 1151 1441 olim

190 1459 365 1527 Monachus
387 1461 558 1525 Beooensis
588 1466 621 1525 et
643 1459 674 1524 S.
697 1459 841 1524 Anselmi
863 1459 1055 1545 discipulus,
1083 1483 1150 1527 ma-

190 1547 325 1629 gistrum
347 1546 545 1611 carissimum
568 1553 603 1610 ut
618 1545 651 1609 in
666 1545 769 1628 ipsius
785 1545 864 1609 villa
880 1544 1009 1611 Solaria
1023 1567 1151 1614 menses

190 1651 218 1694 a.
250 1631 332 1694 1098
365 1631 505 1695 aestivos
538 1630 732 1712 transigeret
763 1629 964 1713 hospitaliter
992 1632 1151 1699 invitavit.

191 1715 262 1779 Huo
284 1717 393 1798 itaque
416 1715 554 1778 devertit
575 1716 649 1778 exul
672 1721 704 1778 et
719 1713 780 1777 hae
800 1714 834 1776 in
850 1714 1047 1780 habitatione
1062 1736 1151 1782 mon·
1259 1777 1266 1794 f

191 1804 284 1864 tuosa
305 1801 532 1881 turbarumque
554 1799 690 1862 tumultu
707 1818 810 1862 vaeua
828 1799 959 1863 vaeavit
973 1799 1025 1865 die
1042 1809 1151 1866 noetu-
1201 1873 1203 1878 ,

176 1902 253 1965 ·que
276 1901 348 1948 oum
371 1883 501 1950 divinae
515 1881 784 1967 eontempiationi
804 1889 871 1947 tum
892 1884 1031 1949 seeundo
1051 1889 1153 1953 nostri

190 1974 347 2033 tractatus
389 1969 470 2034 libro
514 1967 725 2052 conficiendo,
776 1988 968 2052 quamquam
1012 1973 1152 2056 spatium

192 2054 433 2137 quaestionibus
456 2073 538 2139 quae
566 2054 750 2118 restiterant
775 2050 952 2120 enodandis
975 2058 1053 2122 satis
1080 2077 1152 2122 eon-

192 2159 305 2222 gruum
348 2146 461 2204 nactus
492 2157 567 2206 non
610 2146 668 2204 est,
735 2140 774 2203 In
807 2141 958 2224 angliam
994 2162 1152 2228 reversus

192 2224 303 2312 scripti
334 2225 432 2289 totius
463 2224 684 2308 apographum
716 2243 776 2308 per
811 2226 984 2292 monachos
1014 2227 1151 2292 Cantua-

191 2309 314 2375 rienses
347 2315 491 2374 auratum
524 2329 607 2375 anno
641 2309 740 2374 ferme
770 2310 853 2374 1104
882 2311 1031 2376 Pasohali
1059 2312 1153 2378 huius

191 2395 328 2459 nominis
350 2394 491 2460 seeundo
514 2392 623 2478 Papae
646 2394 831 2461 transmisit.
843 2391 869 2480 1)

256 2477 369 2554 Quoad
398 2483 529 2542 indolem
559 2479 665 2562 operis
694 2484 909 2563 internamque
940 2481 1153 2565 oeconomiam,

193 2560 226 2626 id
257 2581 356 2645 quare
387 2563 587 2646 inscripserit
626 2563 711 2646 „Gur
741 2563 831 2628 Deus
863 2564 967 2628 Homo
975 2561 1004 2646 ,“
1035 2563 1152 2647 quidve

193 2645 290 2711 fuerit
310 2669 365 2713 eur
385 2649 420 2714 in
439 2649 537 2714 libros
559 2648 741 2712 distinxerit
761 2647 850 2730 duos,
873 2663 912 2712 ae
934 2649 1029 2730 quale
1044 2669 1153 2715 eorum

194 2731 237 2796 sit
270 2731 440 2800 discrimen
473 2733 654 2816 materiale,
685 2769 728 2778 -
761 2732 793 2798 S.
820 2734 992 2800 Anselmus
1021 2733 1091 2818 ipse
1120 2735 1153 2799 in

193 2815 397 2884 Praefatione
426 2839 485 2884 sua
510 2818 668 2903 exposuit.
722 2817 855 2900 Dialogi
884 2825 992 2884 autem
1019 2818 1154 2885 sormam

193 2901 231 2966 L.
252 2902 268 2966 Ι
290 2921 316 2966 a.
340 2903 357 2965 1
383 2923 408 2968 s.
430 2904 451 2968 f.
471 2904 544 2969 ideo
564 2923 602 2968 se
623 2902 740 2970 fatetur
761 2903 960 2986 adhibuisse,
983 2903 1154 2988 „quoniam

113 3069 115 3074 Α
196 3006 236 3051 ea
264 3006 348 3069 quae
375 3007 434 3071 per
462 2989 746 3072 interrogationem
778 2996 810 3053 et
838 2989 1078 3072 responsionem
1107 2986 1153 3052 in-

194 3071 408 3156 vestigantur,
438 3073 546 3139 multis
572 3083 606 3138 et
633 3073 773 3138 maxime
802 3074 994 3138 tardioribus
1015 3072 1155 3156 ingeniis

195 3157 300 3240 magis
321 3163 435 3244 patent
461 3164 494 3223 et
519 3157 592 3224 ideo
620 3159 693 3246 plus
723 3159 852 3242 placent
860 3158 887 3242 ;“
918 3157 1154 3243 quodquidam

267 3433 292 3496 1)
310 3428 365 3484 os.
387 3428 414 3485 s.
434 3429 502 3483 Ans.
523 3427 719 3496 Epatolaram
737 3425 800 3480 ure.
819 3391 870 3495 Ν,
889 3431 931 3480 aa.
