2616 3826
370 341 372 351 ι
408 308 485 370 GUR
501 309 603 370 DEUS
620 309 739 372 HOMO.
773 310 795 367 I.
818 314 858 366 18.
1041 311 1084 381 35

177 487 238 539 tota
256 481 286 536 iu
305 481 361 539 illis
380 478 455 534 victa
474 485 529 548 est,
548 483 581 536 ut
594 484 726 550 peccaret
744 481 869 550 (excepto
888 479 936 536 illo
955 479 1014 536 solo
1034 479 1083 537 ho·

178 567 267 636 mine,
291 583 374 638 quern
392 564 469 619 Deus
488 564 562 624 sieut
589 564 673 624 scivit
688 565 748 620 sine
771 564 824 620 viri
841 565 944 620 semine
964 565 999 622 de
1016 566 1083 628 vn-

179 653 245 723 gine
267 651 374 721 faeere,
399 649 439 704 sic
464 649 546 706 scivit
562 667 586 705 a
607 656 723 721 peccato
746 650 828 710 Adae
851 653 1017 721 secernere),
1042 651 1084 706 ita
1118 711 1123 720 ,
1248 701 1251 706 Δ
1300 661 1301 664 ’

179 735 209 790 in
227 733 330 806 eisdem
347 740 408 792 tota
423 734 546 806 vicisset,
570 734 594 789 si
607 752 664 792 non
679 741 854 806 ¹peccassent.
888 735 988 792 Restat
1006 753 1081 808 ergo,
1100 727 1133 784 39
1208 739 1276 776 ³

114 861 117 865 -
179 828 221 892 ut
237 837 293 878 nou
321 821 459 892 completa
481 821 511 876 in
532 819 581 876 illo
605 821 694 891 primo
716 839 830 878 numero
854 822 1015 893 angelorum
1037 840 1082 878 su·

178 923 266 976 perna
282 905 380 964 einim
395 907 444 961 sed
456 907 492 962 de
508 905 664 962 hominibus
685 907 850 977 complenda
861 906 947 962 inim
964 906 1082 970 dicetur.
1157 979 1160 988 Ι

180 991 257 1055 Quae
277 993 300 1046 si
317 997 380 1048 rata
396 991 468 1061 sunt,
488 992 581 1063 plmes
599 997 680 1047 erunt
698 991 779 1046 electi
795 991 918 1048 homines
930 1008 1014 1063 quam
1027 991 1085 1046 sint
1159 1001 1160 1004 ’

178 1077 290 1148 reprom
312 1077 414 1148 angen.
449 1077 518 1132 not.
547 1074 736 1132 Recensum
760 1075 827 1130 mn
852 1075 934 1138 veae
952 1066 1171 1131 viunuero‘
1217 1108 1222 1116 .
1276 1045 1292 1060 ”

180 1178 253 1232 quae
281 1160 366 1230 dicim
395 1161 444 1216 sed
471 1161 539 1232 quid
567 1160 704 1229 dicemus,
730 1160 796 1230 quia
817 1161 923 1232 legitur
948 1160 984 1216 de
1005 1159 1082 1226 Dsoe
1118 1201 1122 1207 ,

180 1248 321 1302 eonatitctt
344 1247 475 1302 terminos
494 1247 669 1316 populorum
695 1245 773 1300 iaetu
794 1263 937 1302 numerum
955 1246 1084 1316 filicetum

179 1333 321 1400 Jarasw)
357 1331 439 1398 Quod
459 1331 580 1402 quidam,
600 1329 666 1403 quia
682 1349 733 1402 pro
745 1333 873 1402 filiorum
895 1332 991 1388 Israel
1007 1329 1085 1386 inve·

180 1418 255 1472 nitur
273 1418 436 1486 anpeloram
455 1418 555 1486 Dei,²)
576 1417 616 1472 sic
636 1423 790 1488 exponunt,
816 1423 849 1473 ut
864 1417 1016 1472 secundum
1033 1433 1084 1470 nu·

179 1519 286 1560 merum
308 1503 443 1558 bonorum
463 1503 625 1574 angelorum
644 1504 826 1564 assumendus
846 1503 1018 1574 intelligatur
1033 1518 1084 1556 nu·

179 1603 271 1644 merus
298 1589 448 1644 electorum
474 1587 624 1642 hominum.
673 1590 743 1644 Aac.
777 1587 839 1642 Hoc
866 1607 923 1644 non
947 1591 1087 1658 repugnat
1103 1594 1134 1645 41

179 1673 340 1744 praedictae
357 1670 525 1740 sententiae,
554 1672 578 1726 si
597 1676 703 1726 certum
720 1677 851 1740 nonest,
876 1672 952 1742 quod
968 1671 1087 1727 totidem

180 1757 275 1828 angeli
301 1757 468 1822 cecidissent
499 1761 567 1825 quot
597 1761 796 1810 remanserunt
842 1755 916 1812 Nam
941 1755 965 1809 si
992 1755 1085 1827 plures

182 1849 247 1902 sunt
267 1840 360 1912 angeli
380 1840 461 1896 electi
478 1855 562 1908 quam
581 1838 700 1910 reprobi,
719 1846 749 1895 et
764 1855 876 1895 necesse
895 1846 938 1896 est
949 1847 981 1894 ut
991 1855 1085 1910 repro·

181 1927 232 1983 bos
250 1927 333 1982 electi
348 1923 473 1980 homines
497 1929 665 1999 restaurent,
693 1932 721 1980 et
744 1930 837 1996 potest
859 1925 919 1983 fieri
945 1931 977 1980 ut
992 1924 1087 1982 beato·

181 2027 244 2072 runa
266 2025 380 2068 numero
404 2016 605 2082 coaequentur,
633 2016 663 2066 et
686 2010 730 2065 sic
748 2009 843 2081 plures
866 2016 946 2066 erunt
962 2011 1086 2066 homines

181 2095 248 2150 iusti
267 2089 350 2166 quam
368 2095 462 2166 angeli
478 2094 582 2150 iniusti.
618 2093 674 2150 Sed
692 2101 837 2165 memento,
845 2097 866 2165 ³)
885 2114 939 2168 quo
950 2103 1034 2169 pacto
1046 2095 1087 2152 in·
1103 2095 1137 2146 42

182 2181 244 2251 cepi
261 2186 326 2236 tuae
343 2181 511 2251 respondere
528 2179 698 2252 quaestioni,
722 2187 754 2236 ut
770 2181 901 2237 videlicet
919 2181 943 2234 si
960 2182 1027 2252 quid
1046 2180 1086 2234 di-

183 2282 256 2337 xero,
274 2266 350 2338 quod
368 2263 456 2321 maior
479 2282 537 2320 non
561 2265 705 2322 confirmet
722 2267 887 2335 auctoritas,
912 2267 1038 2338 quamvis
1055 2266 1087 2320 il·

183 2350 233 2404 lud
260 2350 369 2406 ratione
394 2350 514 2421 probare
536 2343 647 2421 videar,
673 2368 729 2405 non
752 2351 807 2404 alia
828 2351 994 2407 certitudine
1016 2349 1088 2406 acci·

184 2434 292 2504 piatur,
317 2435 372 2490 nisi
396 2435 463 2508 quia
486 2435 596 2489 interim
622 2435 690 2488 mihi
707 2437 747 2490 ita
764 2435 888 2505 videtur,
914 2438 1002 2490 donec
1019 2434 1088 2489 mihi

184 2515 263 2574 Deus
280 2519 377 2576 melius
395 2521 489 2592 aliquo
507 2520 588 2576 modo
606 2519 718 2586 revelet.
753 2517 852 2574 Certus
876 2519 1039 2590 enimcum,
1064 2519 1088 2576 si
1104 2529 1139 2580 43

185 2602 254 2674 quid
272 2603 335 2660 dico
353 2606 428 2676 quod
453 2621 548 2662 sacrae
576 2605 729 2676 scripturae
739 2607 761 2674 ⁴)
788 2604 894 2677 absque
914 2603 1000 2661 dubio
1025 2621 1089 2660 oon·
1140 2651 1142 2656 .

257 2882 269 2934 1
300 2875 451 2933 Deuteron.
470 2881 553 2948 32,st

256 2951 279 3018 2Ὶ
304 2943 402 3003 LXX:
423 2943 491 3000 κατὰ
510 2943 635 3020 ἀριθμὸν
652 2944 815 3016 ἀγγέλων
831 2945 926 3002 θεοῦ.

257 3017 283 3084 3)
304 3013 379 3070 Vide
398 3030 431 3068 su
451 3030 483 3069 ra
501 3031 524 3069 c.
541 3019 565 3086 2,
584 3021 608 3071 9.

258 3085 285 3152 t)
304 3081 402 3154 „Sicut
448 3086 497 3141 'eta
514 3083 544 3137 in
561 3079 697 3154 principio
714 3098 765 3154 per
777 3080 942 3136 miraculum
957 3077 1091 3134 fecitfru-

190 3157 314 3212 menum
339 3156 368 3209 et
388 3151 444 3206 alia
467 3151 593 3216 deterre
610 3150 753 3208 nascentia
772 3149 809 3205 ad
827 3149 987 3206 alimentum
1005 3148 1092 3202 honu-

190 3237 258 3276 num
279 3221 339 3276 sine
356 3221 463 3275 cultore
479 3226 507 3275 et
525 3220 686 3290 seminibus,
702 3220 743 3275 ita
759 3219 818 3276 sine
834 3214 955 3272 humana
969 3215 1093 3272 doctrina

190 3289 355 3349 mirabiliter
382 3287 450 3344 fecit
472 3289 559 3344 eorda
598 3289 776 3360 rophetarum
792 3294 821 3344 et
837 3303 854 3341 a
874 3285 1024 3341 ostolorum
1040 3301 1093 3341 nec

189 3375 247 3414 non
273 3357 302 3415 et
326 3357 559 3432 evangelistarum
578 3307 718 3414 {emunda
741 3355 856 3414 salutari
894 3413 899 3420 ,
927 3353 1092 3413 seminibus:

893 3439 942 3512 13*

452 3657 467 3688 ἱ
