2616 3826
409 297 487 357 cua
503 297 606 356 nnus
621 296 740 354 nouo.
775 298 798 354 1.
816 305 858 356 ra
875 303 916 356 ra
1054 301 1098 368 49

190 468 303 524 sordem
319 475 362 524 est
378 469 564 540 'impossibile
599 471 668 524 Boe.
698 467 794 524 Aliam
811 469 867 524 Dei
882 469 1111 530 mnencordiam:

190 555 272 610 video
291 571 352 609 esse
371 554 566 624 quaerendam,
584 571 668 624 quum
685 553 775 610 istam
810 556 880 608 Aac.
902 554 1009 612 Verum
1024 560 1097 610 esto:
1117 551 1149 603 18

190 640 307 695 dimittit
322 640 401 694 Deus
417 637 452 707 ei,
470 639 519 709 qui
538 654 594 696 nou
611 639 695 694 solvit
711 639 787 710 quod
805 639 896 708 debet,
915 639 1018 694 idcirco
1031 655 1097 710 quo·

190 726 266 782 nium
290 743 346 782 nou
374 728 475 794 potest.
510 725 579 778 Bor.
607 722 776 782 Itavellem
812 726 881 779 Ana.
909 722 949 780 At
966 724 1099 795 quamdiu
1118 724 1148 778 19

189 828 247 866 nou
272 811 383 879 reddet,
409 815 459 864 aut
484 809 560 864 volet
584 810 702 867 reddere
729 816 857 866 autnon
882 810 964 865 volet
1000 809 1099 876 Sedsi

170 931 174 936 -
189 897 265 952 volet
278 896 353 967 quod
365 913 421 951 non
432 893 541 964 poterit,
554 893 683 965 indigens
695 895 761 965 erit3
779 897 879 954 sivero
892 913 949 952 nou
960 895 1044 963 volet,
1057 895 1098 948 in·

189 982 280 1037 iustus
294 983 354 1037 erit
379 979 605 1034 BoaHocuihil
619 980 728 1037 clarius.
756 983 827 1036 Aac.
845 979 1098 1038 Siveautemindi·

190 1085 260 1139 gens
279 1068 338 1122 sive
352 1066 470 1122 iniustus
483 1066 533 1135 sit,
546 1065 645 1122 beatus
662 1084 718 1123 uon
730 1066 788 1122 erit
817 1068 886 1121 Bos.
903 1067 942 1120 Et
954 1066 1007 1122 hoc
1020 1081 1098 1135 aper·

189 1159 257 1208 tum.
274 1155 344 1207 Ana
359 1151 500 1218 Quamdiu
511 1167 578 1224 ergo
590 1167 646 1206 non
656 1147 762 1219 reddet,
776 1151 875 1212 beatum
888 1169 948 1208 esse
959 1157 1099 1222 nonpote.
1116 1143 1150 1194 20

188 1235 234 1292 rit
262 1239 340 1290 Boe..
353 1237 382 1293 Si
388 1237 527 1292 rationem
539 1241 671 1306 sequatur
681 1237 760 1292 Deus
770 1236 902 1307 iustitiae,
921 1255 978 1295 non
989 1243 1034 1292 est
1043 1253 1100 1307 qua

183 1322 293 1378 *madai
302 1322 385 1378 miser
395 1323 552 1392 homuncio,
569 1327 599 1376 et
611 1321 800 1383 misericordia
810 1323 865 1378 Dei
878 1323 968 1394 perire
980 1323 1099 1378 videtum.

190 1409 260 1462 Ana
279 1408 426 1466 Rationem
437 1408 596 1480 postulasti,
613 1407 749 1464 rationem
761 1405 873 1480 aecipe;
893 1408 1098 1464 misericordem
1116 1403 1148 1454 21

169 1494 282 1550 .Deum
306 1511 368 1550 esse
391 1513 447 1550 uon
471 1512 556 1566 nego,
581 1493 629 1564 qui
650 1492 776 1550 homines
803 1499 831 1548 et
854 1494 979 1558 iumenta
1003 1493 1099 1562 salvat,

168 1580 423 1651 ,quenadmodum
447 1577 646 1648 multiplicavit
671 1577 891 1634 misericordiam
914 1597 1000 1636 suam.
1041 1579 1100 1634 Nos
1118 1577 1151 1627 22

189 1670 284 1720 autem
311 1663 452 1734 loquimur
472 1665 513 1732 de
538 1663 588 1718 illa
614 1663 713 1717 ultima
733 1663 935 1730 misericordia,
962 1679 1018 1732 qua
1036 1667 1102 1732 post

188 1748 365 1804 hemeritam
392 1748 507 1805 beatum
533 1745 602 1803 fucit
623 1745 775 1816 hominem,
800 1747 875 1803 hanc
899 1745 1101 1804 beatitudinem

190 1834 261 1892 nulli
281 1833 342 1889 dari
362 1825 465 1890 debere
485 1830 539 1886 uisi
556 1830 610 1899 illi,
630 1829 676 1884 cui
692 1831 803 1901 penitus
824 1831 939 1886 dimissa
956 1835 1021 1884 suut
1036 1846 1101 1900 pec·

191 1924 267 1987 cata,
299 1914 451 1974 neehanc
482 1915 670 1988 dimissionem
696 1915 757 1978 ficri
781 1916 835 1972 uisi
862 1913 956 1971 debito
983 1914 1101 1983 reddito,

191 2004 267 2077 quod
304 2001 422 2062 debetur
456 2017 507 2070 pro
546 2007 662 2070 peccato
700 1995 854 2058 secundum
880 2000 1102 2072 magnitudinem

189 2089 314 2162 peccati,
345 2101 431 2156 supra
455 2085 552 2156 positis
582 2086 737 2144 rationibus
764 2093 833 2158 puto
858 2104 902 2143 me
932 2084 1101 2146 sufficienter
1160 2079 1161 2083 ’

167 2207 170 2213 ,
190 2171 353 2236 ostendisse
388 2169 495 2235 Quibus
518 2171 543 2224 si
560 2172 628 2243 quid
643 2171 698 2235 tibi
717 2173 828 2230 videtur
846 2187 928 2246 posse
946 2171 1100 2228 rationibus
1120 2161 1155 2214 23

168 2259 288 2323 obiici,
316 2257 410 2312 dicere
428 2255 522 2317 debes.
558 2257 627 2311 Bor.
660 2259 722 2329 Ego
744 2261 841 2330 utique
867 2257 974 2318 nullam
990 2263 1102 2310 tuarum

190 2345 329 2400 rationum
346 2341 522 2412 aliquatenus
541 2336 674 2396 infirmari
693 2359 777 2414 posse
791 2343 879 2404 video.
915 2343 985 2396 Aac.
1003 2336 1154 2410 Nequam

192 2447 254 2501 ego,
266 2430 296 2484 ⁴oi
313 2427 385 2482 bene
404 2425 627 2492 considerentur,
650 2427 790 2496 existim03
808 2431 999 2484 verumtamen
1016 2425 1040 2478 si
1057 2424 1102 2480 vol

169 2532 249 2575 ,una
275 2513 310 2569 de
337 2512 465 2568 omnibus
489 2527 559 2582 quas
584 2512 666 2581 posui
686 2509 899 2581 inexpugnabili
919 2509 1036 2572 veritate
1059 2527 1102 2564 ro·

121 2593 122 2596 ’
191 2599 313 2668 boratur,
333 2597 461 2652 sufficere
477 2597 570 2652 debet
600 2596 665 2652 Sive
682 2613 802 2666 namque
822 2612 878 2650 uno
898 2595 956 2650 sive
974 2595 1101 2665 pluribus

191 2683 364 2754 argumentis
388 2683 490 2744 veritas
513 2673 767 2752 inexpugnabiliter
792 2671 973 2752 monstretur,
1001 2698 1102 2754 aequa·

190 2769 256 2824 liter
274 2766 310 2824 ab
331 2767 405 2822 omni
423 2765 598 2832 dubitatione
617 2763 783 2822 defenditur.

267 2871 340 2958 25·
391 2907 458 2958 Bos.
488 2903 591 2972 Ecce1)
613 2903 654 2958 ita
674 2910 723 2958 est.
759 2903 902 2974 Quomodo
927 2920 993 2976 ergo
1008 2903 1133 2957 salvust

173 2989 242 3044 'erit
261 2987 360 3058 homo,
388 2989 412 3043 si
430 2989 490 3060 ipse
507 3005 559 3044 nec
578 2987 661 3044 solvit
678 2988 754 3060 quod
771 2989 861 3060 debet,
888 3005 940 3044 nec
959 2988 1061 3042 salvari
1077 2987 1102 3043 si

171 3067 246 3126 'non
266 3071 349 3126 solvit
377 3071 480 3128 debet?
505 3081 554 3130 aut
576 3091 632 3146 qua
655 3073 746 3130 fronte
769 3071 938 3144 asseremus,
960 3073 1051 3128 Deum
1070 3072 1101 3126 iu

190 3157 380 3212 misericordia
405 3157 517 3214 divitem
540 3163 656 3232 superb
672 3157 824 3215 humanum
841 3147 1011 3216 intellectum
1027 3158 1101 3213 hauc

262 3299 286 3363 1)
304 3295 339 3352 In
356 3297 439 3352 Mser:
457 3295 503 3349 hic
516 3295 620 3366 insipit
638 3311 666 3349 a·
683 3301 724 3352 25.

219 3365 671 3436 ,DSupraAachEFn
771 3403 781 3428 η
845 3385 848 3390 ·

928 3453 944 3503 4
