2616 3826
233 299 276 366 48
419 297 447 354 S.
464 295 635 354 ANSELMI
653 295 961 353 CANTUARIENSIS

232 466 302 522 facit
318 473 351 522 ut
367 483 423 521 uon
439 467 551 537 reddat,
577 484 634 522 non
650 471 765 522 excuset
786 465 941 534 hominem,
966 466 990 520 si
1006 484 1062 522 non
1078 467 1141 523 red-

233 550 287 614 dit3
318 549 448 622 quoniam
478 552 609 608 effectum
639 550 746 624 peccati
774 567 831 605 uon
855 558 968 606 excusat
993 559 1140 624 peccatum

233 635 309 708 quod
325 635 403 693 facit.
433 640 502 692 Boo.
522 638 561 691 Et
577 654 663 708 grave
680 635 762 691 nimis
783 641 825 692 est
844 642 872 690 et
891 635 932 690 ita
950 654 1010 692 esse
1026 655 1141 694 necesse

183 726 212 780 11
232 728 282 778 cst
317 723 387 775 Aoo.
422 720 545 776 Iniustos
563 738 629 793 ergo
646 721 728 776 homo
745 728 801 790 est,
828 721 877 792 qui
894 739 950 776 non
968 722 1060 777 reddit
1077 723 1140 778 Deo

232 806 308 878 quod
328 806 419 862 debet
454 809 523 860 Boo.
558 805 647 861 Nimis
670 813 713 860 εει
733 824 844 878 rerum3
868 824 933 862 nam
957 806 1076 862 iniustus
1098 813 1141 862 est

232 892 299 963 quia
327 907 384 945 non
409 890 514 960 reddit,
544 895 572 946 et
599 889 718 945 iniustus
741 897 785 946 est
809 891 875 963 quia
897 892 1014 947 reddere
1035 891 1141 964 nequit.

183 981 214 1032 12
231 977 301 1030 Am.
324 975 426 1032 Nullus
445 980 537 1028 autem
555 972 674 1028 iniustos
693 976 855 1031 admittetur
871 976 907 1031 ad
925 977 1139 1048 beatitudinem

231 1061 376 1133 quoniam,
407 1057 639 1130 quemadmodum
668 1058 813 1116 beatitudo
843 1067 887 1116 εει
915 1061 1081 1119 sufficientia
1109 1063 1140 1117 in

232 1163 287 1218 qua
307 1145 385 1200 nulla
403 1151 445 1201 est
461 1143 630 1215 indigentia,
657 1144 697 1198 sic
719 1145 791 1198 nulli
816 1146 944 1201 convenit
962 1147 1016 1201 nisi
1033 1147 1063 1201 in
1083 1164 1139 1219 quo

230 1231 270 1286 ita
286 1249 357 1302 pura
369 1238 411 1286 est
422 1228 536 1297 iustitia,
553 1229 677 1285 utnulla
687 1229 716 1283 in
730 1246 762 1285 eo
773 1231 809 1284 sit
822 1230 965 1286 iniustitia.
993 1234 1062 1286 Boo.
1073 1232 1139 1288 Non

182 1311 212 1363 13
231 1316 321 1370 audeo
344 1315 424 1369 aliter
453 1315 574 1368 credere.
609 1317 677 1369 Aac.
714 1315 768 1379 Qui
794 1333 860 1386 ergo
885 1333 942 1370 non
969 1317 1051 1373 solvit
1076 1317 1138 1374 Deo

231 1400 307 1470 quod
331 1399 425 1468 debet,
454 1415 510 1452 non
536 1400 639 1469 poterit
668 1417 728 1455 esse
753 1399 860 1455 beatus.
899 1403 967 1456 Bos.
1002 1402 1063 1458 Nec
1085 1401 1139 1457 hoc

180 1482 213 1535 14
230 1483 364 1555 consequi
379 1499 483 1554 negare
500 1501 620 1554 possum.
655 1485 724 1538 Ana.
755 1483 836 1549 Quod
854 1485 878 1538 si
895 1486 938 1540 ris
955 1486 1056 1555 dicere,
1072 1487 1138 1558 quia

228 1567 383 1624 misericors
401 1567 478 1623 Deus
496 1570 610 1624 dimittit
627 1568 798 1640 supplicanti
817 1570 892 1639 quod
910 1570 1010 1640 debet,
1034 1570 1139 1626 idcirco

229 1654 296 1726 quia
312 1655 428 1709 reddere
445 1653 555 1726 nequit,
577 1670 634 1708 non
651 1660 744 1724 potest
762 1653 817 1708 dici
837 1655 991 1724 dimitter04
1015 1654 1070 1709 nisi
1088 1659 1138 1710 aut

227 1741 279 1796 hoc
307 1741 382 1812 quod
408 1740 490 1794 homo
518 1745 616 1811 sponte
635 1740 761 1796 reddere
790 1740 873 1796 debet
899 1757 950 1796 nec
976 1738 1081 1810 pote‘st,
1107 1739 1138 1793 id

228 1833 283 1896 est,
309 1825 384 1897 quod
406 1825 609 1896 recompensari
630 1824 720 1896 possit
744 1830 872 1896 peccato,
896 1824 971 1897 quod
994 1823 1055 1879 fieri
1078 1840 1135 1878 non

229 1913 344 1968 deberet
361 1926 412 1982 pro
432 1910 640 1966 conservatione
658 1910 746 1964 omnis
764 1910 804 1964 rei
823 1928 895 1982 quae
911 1911 990 1966 Deus
1005 1927 1062 1964 uon
1078 1913 1136 1979 cst3

227 2003 277 2052 aut
306 1996 359 2050 hoc
391 1995 466 2065 quod
495 1994 636 2064 puniendo
667 2003 727 2049 erat
756 1996 900 2050 ablaturus
929 1994 1030 2064 invito,
1063 1993 1137 2050 sicut

228 2082 343 2151 supral)
367 2077 438 2147 dixi,
466 2078 485 2132 i.
502 2094 526 2132 ε.
552 2077 771 2146 beatitudinem
799 2081 849 2133 sed
877 2079 901 2132 si
927 2077 1041 2132 dimittit
1060 2079 1137 2148 quod

229 2169 328 2236 sponte
345 2162 460 2218 reddere
479 2159 562 2215 debet
579 2160 676 2230 homo,
701 2160 766 2215 ideo
783 2160 850 2231 quia
866 2162 982 2217 reddere
1001 2179 1056 2217 non
1073 2169 1136 2233 pot-

227 2255 281 2320 est,
308 2248 376 2320 quid
399 2254 441 2302 εει
464 2245 555 2316 aliud,
583 2261 666 2316 quam
691 2245 807 2301 dimittit
827 2246 905 2302 Deus
933 2247 1009 2317 quod
1031 2247 1137 2304 habere

226 2355 283 2393 non
301 2333 413 2406 potest?
448 2331 504 2388 Sed
529 2331 629 2387 derisio
653 2338 708 2408 est,
732 2335 764 2385 ut
787 2332 851 2386 talis
869 2331 1058 2387 misericordia
1073 2333 1136 2389 Deo

179 2421 208 2471 15
226 2420 402 2478 attribuatur.
436 2417 478 2471 At
500 2417 524 2471 si
548 2417 663 2472 dimittit
686 2417 761 2489 quod
784 2417 872 2474 invito
896 2423 957 2473 eret
981 2419 1135 2489 ablaturus,

226 2513 340 2580 propter
362 2503 554 2574 impotentiam
577 2502 713 2559 reddendi
737 2504 811 2573 quod
838 2509 936 2573 sponte
955 2503 1070 2560 reddere
1088 2504 1135 2559 de-

226 2593 286 2662 bet,
317 2591 425 2646 relaxat
452 2588 530 2643 Deus
558 2603 676 2658 poenam
705 2593 734 2643 et
763 2587 832 2643 facit
858 2588 971 2643 beatum
996 2588 1135 2645 hominem

226 2683 340 2748 propter
364 2678 523 2746 peccatum,
551 2674 617 2744 quia
640 2673 724 2730 habet
751 2673 826 2744 quod
850 2673 933 2728 debet
951 2690 1008 2728 non
1024 2672 1135 2729 habere.

177 2761 209 2814 16
226 2761 299 2818 Nam
316 2761 405 2829 ipsam
429 2757 619 2827 impotentiam
644 2758 727 2815 debet
753 2775 808 2813 nou
833 2757 950 2828 habere,
976 2764 1004 2814 et
1030 2758 1134 2814 idcirco

227 2843 360 2915 quamdiu
379 2843 457 2898 iliam
468 2841 554 2897 habet
570 2842 629 2898 sine
646 2843 845 2908 satisfactione,
862 2849 1010 2914 peccatum
1021 2851 1064 2900 εει
1077 2843 1133 2913 illi3

226 2947 321 2987 verum
348 2926 506 2982 huiusmodi
533 2926 721 2982 misericordia
742 2927 797 2983 Dei
823 2927 905 2982 nimis
930 2935 971 2986 est
996 2927 1134 2985 contraria

226 3015 349 3072 iustitiae
375 3013 465 3082 illius,
495 3028 567 3084 quae
591 3030 648 3068 non
674 3012 728 3066 nisi
753 3028 872 3083 poenam
895 3013 1031 3084 permittit
1051 3010 1133 3066 reddi

177 3103 207 3158 11
225 3107 341 3173 propter·
367 3103 522 3172 peccatum.
575 3095 749 3168 Quapropter
779 3098 1011 3171 quemadmodum
1041 3096 1134 3151 Deum

226 3185 281 3242 sibi
302 3204 361 3244 εεεε
385 3183 569 3253 contrarium,
594 3182 635 3236 ita
659 3181 712 3238 hoc
736 3184 818 3240 modo
841 3185 919 3240 illum
942 3199 1004 3239 εεεε
1027 3180 1133 3237 miseri·

298 3339 323 3409 1)
340 3346 424 3410 ⁰2¹⁴,
443 3347 468 3396 5.
