2616 3826
148 338 169 380 Χ
412 335 631 391 PRAEFATIO
651 335 837 393 EDI'I'ORIS.

212 509 282 574 Iam
303 527 380 573 vcro
402 506 442 572 de
471 519 605 594 tompore
632 505 799 590 compositi
820 511 854 571 ct
875 505 953 572 editi
975 505 1108 574 huiusce

148 593 255 679 operis
285 593 345 658 erit
374 592 542 675 agendum.
596 591 791 656 Monasterio
817 591 970 658 Beocensi
995 593 1133 659 relicto

91 739 93 744 ,
149 680 181 747 S.
204 678 375 744 Anselmus
400 684 612 762 posteaquam
632 697 661 740 a
686 677 768 740 1093
782 675 815 740 in
832 677 984 760 Angliam
1005 685 1107 744 trans·

147 763 315 848 migravit,
348 769 500 846 quantum
536 760 696 828 scribendi
726 761 826 826 otium
857 762 922 846 ipsi
951 763 1109 846 superfuit

147 855 223 913 ante
245 848 352 914 omnia
380 868 418 913 eo
440 867 512 925 esse
542 845 767 912 conserendum
785 845 957 912 arbitratus
982 856 1044 933 est,
1073 856 1109 914 ut

147 934 237 998 litem
275 953 334 1080 per
364 932 567 998 Roscelinum
602 931 789 998 canonicum
822 931 1109 1032 Compendiensem

148 1019 277 1084 nomina
290 1018 385 1083 istam
428 1017 627 1100 eundemque
670 1015 863 1081 tritheistam
901 1039 934 1081 m
971 1018 1110 1084 ecclesia

86 1119 89 1124 ·
149 1103 321 1169 Gallicana
343 1102 535 1167 concitatam
565 1109 661 1185 atque
683 1101 716 1165 in
738 1101 861 1185 synodo
884 1101 1108 1172 Suessionensi

148 1207 212 1254 non
249 1187 394 1254 sedatam
426 1187 489 1252 nisi
522 1205 581 1270 per
610 1185 751 1272 speciem
782 1206 913 1284 prorsus
946 1187 1110 1263 dirimeret

149 1272 313 1338 doctrinae
342 1271 438 1337 armis
469 1271 607 1336 adiutus.
661 1271 746 1336 Hinc
774 1271 854 1336 hbro
888 1273 1019 1355 egregio
1048 1274 1108 1356 „de

148 1356 211 1422 fide
233 1355 405 1422 trinitatis“
425 1357 521 1421 Becoi
545 1355 692 1422 inchoato
721 1357 755 1420 in
775 1356 942 1421 Britannia
968 1358 1108 1424 novitius

148 1449 323 1508 extremam
351 1461 479 1505 manum
506 1441 658 1525 imposuit
681 1460 783 1523 eoque
814 1441 993 1508 adversarii
1014 1444 1108 1534 istim

148 1527 348 1612 sophismata
373 1525 549 1591 confutavit
578 1526 806 1610 sagacissimus
828 1526 990 1609 dogmatis
1009 1531 1109 1594 eccle·

148 1611 271 1677 siastioi
307 1619 536 1696 propugnator.
594 1609 664 1687 Quo
703 1610 788 1674 facto
821 1617 992 1677 tractatum
1024 1614 1110 1699 „Cur

148 1698 238 1762 Deus
268 1694 391 1762 Homo“
423 1715 612 1781 aggressus,
635 1695 719 1760 'iam
750 1715 809 1780 per
843 1703 1000 1762 aestatem
1032 1699 1109 1763 anni

34 1831 46 1846 ,
150 1783 232 1846 1094
254 1781 323 1848 eius
345 1781 459 1848 librum
481 1783 618 1866 primum
641 1803 662 1845 a
683 1782 797 1847 Fratre
816 1780 985 1868 Ermer01)
1007 1790 1108 1849 trans-

148 1867 301 1951 scriptum
313 1866 356 1932 ad
371 1867 540 1932 ecclesiam
550 1867 744 1932 Beccensem
756 1866 881 1932 direxit.
903 1868 972 1933 Nec
986 1869 1108 1953 minum,
1151 1923 1152 1926 ,

148 1953 177 2017 si
196 1952 277 2016 haec
297 1951 457 2036 particula
481 1951 587 2034 operis
609 1951 663 2015 diu
685 1947 864 2035 eispectati
885 1973 923 2017 ac
941 1951 1109 2019 vehemen-

148 2043 198 2100 ter
232 2035 422 2118 desiderati‚
462 2041 591 2100 auctore
614 2035 729 2099 inscio
773 2041 806 2100 et
840 2035 957 2120 invito,
1000 2039 1109 2103 multis

149 2121 307 2203 exemplis
329 2119 419 2184 brevi
440 2125 583 2202 tempore
606 2119 701 2202 longe
721 2120 850 2201 lateque
868 2119 1108 2187 circumfereba-

148 2212 208 2270 tur.
240 2205 371 2270 ‘Seouta
393 2204 468 2269 dein
489 2210 563 2268 sunt
583 2204 709 2288 proelia
734 2203 769 2267 in
789 2204 931 2271 favorem
952 2204 1109 2271 libertatis

149 2439 200 2489 est.
235 2433 321 2489 Cuius
338 2431 511 2488 conversioni
531 2431 613 2486 simul
635 2437 663 2486 et
681 2430 884 2502 conversationi
901 2432 1027 2488 diabolus
1046 2451 1109 2506 gra-

149 2504 220 2557 viter
232 2503 366 2570 invidens,
385 2501 413 2555 in
427 2508 533 2556 tantam
547 2501 625 2554 illum
637 2501 798 2555 tentationis
809 2502 959 2570 procellam
973 2501 1110 2571 demersit,

148 2578 181 2626 ut
207 2571 419 2628 suceedentibus
447 2570 500 2625 sibi
528 2571 611 2624 variis
641 2587 675 2623 co
697 2570 842 2625 ‘tationum
872 2570 1036 2626 tumultibus
1064 2573 1110 2627 vix

149 2641 248 2696 mentis
272 2658 338 2694 suae
363 2657 474 2710 compos
499 2639 637 2696 existeret
711 2639 854 2694 sasierunt
877 2639 907 2694 iu
924 2640 977 2694 hoc
997 2642 1110 2712 quidam

150 2710 209 2764 dies
229 2716 257 2763 et
275 2709 367 2780 seipsa
386 2725 495 2778 semper
511 2707 597 2764 fiebat
613 2708 759 2762 immanior
770 2707 887 2764 tentatio
903 2709 1000 2764 eadem
1037 2710 1123 2764 Tur.

149 2779 233 2833 batus
254 2795 283 2833 er
305 2794 320 2830 o
339 2783 367 2832 et
388 2784 479 2831 mente
498 2777 630 2848 confusus
642 2778 805 2832 Anselmum
822 2776 891 2832 adiit
909 2778 1048 2850 animique
1067 2778 1110 2832 sui

149 2847 251 2902 fluctus
274 2795 317 2900 ili
340 2845 474 2917 exposuit
516 2845 557 2898 At
584 2846 644 2916 ipse
672 2864 757 2917 quum
785 2845 829 2898 sin
869 2846 897 2900 la
922 2847 1110 2916 intellexisset,

148 2916 202 2970 hoo
220 2915 309 2970 solum
325 2915 371 2987 pio
390 2915 509 2982 affectu,
531 2914 590 2969 scil.
609 2915 754 2982 „consulat
770 2913 823 2968 tibi
862 2917 936 2986 eus,“
955 2917 981 2970 ei
999 2933 1111 2986 respon-

150 2985 192 3038 dit
212 2985 344 3055 illicoque
363 2983 491 3038 Fratrem
514 3000 531 3038 a
557 3001 588 3038 se
612 2983 726 3038 dimisit
760 2983 902 3055 Evestigio
922 2993 1015 3040 autem
1033 2993 1111 3040 tanta

149 3054 336 3125 tranquillitas
356 3053 456 3107 mentis
473 3051 552 3106 illum
571 3057 668 3107 secuta
686 3058 740 3120 est,
769 3058 801 3106 ut
819 3053 891 3108 sicut
910 3053 1028 3124 ipsemet
1044 3053 1112 3108 mihi

149 3123 302 3190 referebat,
321 3122 395 3176 ultra
431 3137 496 3176 uam
513 3121 591 3176 dictu
610 3119 742 3176 credibile
762 3121 812 3191 sit,
835 3123 927 3178 subito
946 3123 1017 3176 alius
1034 3121 1113 3178 fieret

149 3191 186 3246 ab
207 3208 239 3246 eo
261 3192 309 3262 qui
326 3190 387 3244 fuit
412 3139 521 3260 ltaque
547 3190 634 3244 omnis
656 3189 706 3244 illa
728 3191 845 3246 tentatio
869 3192 980 3262 penitus
1000 3191 1114 3246 evanuit

76 3276 82 3288 ·
150 3277 201 3314 neo
218 3260 367 3332 quicquam
383 3258 544 3318 huiusmodi
562 3259 592 3313 in
609 3275 638 3313 se
656 3259 771 3332 ulterius
791 3260 884 3314 sensit.

222 3345 247 3416 l)
267 3344 355 3409 Quem
373 3349 470 3398 auctor
488 3344 564 3412 Epp.
577 3349 601 3408 3,
615 3349 647 3398 25
665 3344 724 3408 (cfr.
740 3351 761 3413 1,
777 3349 819 3410 tt)
839 3341 1011 3399 carissimum
1023 3341 1112 3396 filium

150 3421 230 3468 mum
249 3420 277 3468 et
294 3413 426 3469 baculum
447 3412 599 3467 senectutis
619 3429 686 3468 suae
705 3414 836 3486 appellat.
