2616 3826
207 261 249 346 ee
384 209 935 342 ·s.susemsrcssuuse1sssrs

207 428 263 484 imo
287 429 421 500 seipsum,
446 431 553 482 tautam
579 425 685 481 seilicet
708 441 855 495 personam
877 431 957 480 tanta
972 424 1120 481 voluntate

174 511 294 568 ldedit.
341 513 410 567 Bos.
444 510 564 566 Multum
593 510 765 582 propinquas
798 509 935 566 desiderio
961 527 1038 571 me03
1066 511 1118 566 sed

208 596 313 666 sustine
331 601 363 650 ut
381 597 514 668 quiddam
534 613 680 668 quaeram,
701 595 777 666 quod
794 596 919 665 quamvis
937 595 1046 651 fatuum
1062 595 1119 652 for-

209 681 281 736 sitan
304 687 385 753 putes
412 699 559 754 quaerere,
585 699 642 737 non
667 685 760 736 tamen
787 679 816 733 in
841 688 972 751 promptu
989 681 1058 736 mihi
1076 687 1123 737 est

176 766 276 839 squid
311 767 501 845 respondeam,
538 767 562 823 si
598 784 616 822 a
649 767 693 820 ine
730 771 888 837 quaeratur.
934 765 1013 820 Dicis
1043 765 1119 838 quia,

89 872 95 884 ·
208 851 320 923 quando
352 857 477 908 mortuus
507 859 563 921 est,
595 853 672 908 dedit
700 851 775 922 quod
808 869 863 906 non
893 851 1020 906 debebat
1060 851 1118 908 Sed

211 952 291 992 nemo
315 937 431 1008 negabit
452 937 532 992 illum
558 936 656 990 melius
680 932 794 1004 fecisse,
821 937 932 1007 quando
956 936 1009 992 hoe
1028 955 1120 993 exem-

209 1022 288 1092 plum
309 1021 403 1077 taliter
429 1022 521 1092 dedit,
548 1027 576 1078 et
602 1019 691 1092 magis
716 1019 769 1075 hoe
797 1020 908 1091 plaeere
931 1019 1006 1092 Deo,
1034 1039 1120 1094 quam

210 1107 235 1162 si
256 1123 312 1162 non
330 1106 384 1161 hoe
400 1105 529 1175 fecisset3
554 1111 603 1160 aut
621 1105 696 1160 dicet
714 1122 778 1160 eum
796 1122 853 1160 non
873 1105 1001 1163 debuisse
1017 1106 1120 1178 faeere,

210 1192 286 1263 quod
311 1191 410 1246 melius
434 1208 494 1248 esse
519 1197 548 1246 et
572 1191 647 1263 quod
664 1191 752 1262 magis
769 1189 880 1261 plaeere
896 1191 958 1247 Deo
976 1191 1121 1247 intellexit.

130 1337 135 1350 ,
177 1276 354 1342 ilQuomodo
377 1294 443 1349 ergo
470 1293 623 1332 asseremus
647 1293 710 1330 eum
733 1294 789 1331 non
812 1275 941 1332 debuisse
958 1276 1019 1331 De'o
1044 1277 1120 1350 quod

210 1361 278 1428 feeit
299 1361 317 1416 i.
342 1378 365 1416 e.
391 1360 465 1433 quod
490 1361 588 1416 melius
613 1377 673 1416 esse
695 1367 723 1417 et
747 1361 836 1432 magis
860 1360 971 1431 plaeere
992 1360 1053 1416 Deo
1077 1361 1120 1416 in·

212 1445 333 1515 tellexit,
362 1446 526 1516 praesertim
558 1463 621 1500 eum
648 1451 776 1502 creatura
802 1445 905 1500 debeat
931 1445 993 1500 Deo
1021 1452 1120 1516 totum,

161 1526 193 1577 10
212 1527 288 1600 quod
311 1536 353 1585 est
377 1536 406 1586 et
427 1531 502 1601 quod
525 1531 579 1587 seit
595 1536 623 1586 et
641 1530 716 1603 quod
732 1529 845 1601 potest?
880 1531 950 1584 Ass.
987 1530 1120 1595 Quamvis

211 1620 339 1672 ereatura
355 1615 425 1671 nihil
441 1615 545 1686 lrabeat
561 1633 578 1671 a
596 1635 634 1688 se,
659 1617 770 1689 quando
788 1621 882 1671 tamen
900 1613 941 1668 illi
957 1613 1035 1670 Deus
1057 1632 1121 1670 eon·

211 1700 287 1756 sedit
313 1701 420 1776 aliquid
445 1701 521 1758 licite
549 1702 642 1758 faeere
669 1707 698 1758 et
722 1720 778 1758 non
801 1702 908 1770 faeere,
937 1700 986 1754 dat
1011 1699 1053 1754 illi
1079 1701 1120 1755 ita

211 1803 293 1840 suum
309 1781 369 1843 esse
384 1793 547 1864 utrumque,
574 1793 607 1844 ut
629 1788 696 1843 lieet
719 1787 837 1842 alterum
858 1787 895 1841 sit
910 1785 1025 1855 melius,
1051 1803 1120 1841 neu·

210 1874 285 1926 trum
320 1877 416 1928 tamen
450 1873 577 1946 exigatur
613 1873 810 1942 determinst03
856 1872 905 1928 sed
942 1872 999 1926 sive
1034 1867 1122 1928 faeiat
1148 1872 1152 1877 ’

212 1955 288 2026 quod
313 1957 411 2013 melius
439 1964 482 2013 est
506 1959 565 2014 sive
594 1960 727 2026 alterum,
757 1956 859 2012 debere
889 1955 982 2011 faeere
1011 1956 1121 2011 dicatur

213 2040 288 2110 quod
305 2040 389 2110 facit3
409 2048 437 2096 et
454 2042 478 2095 si
493 2041 563 2096 facit
575 2042 650 2112 quod
661 2042 759 2096 melius
773 2047 822 2108 est,
838 2041 991 2110 praemium
1003 2041 1120 2112 habeat3

163 2125 193 2177 ll
213 2128 279 2198 quia
304 2134 402 2197 sponte
428 2124 477 2178 dat
498 2125 572 2196 quod
590 2139 671 2179 suum
695 2128 744 2178 est
786 2125 859 2179 Nam
884 2139 947 2178 eum
974 2124 1122 2195 virginitas

213 2211 309 2267 melior
333 2211 369 2266 sit
392 2209 535 2280 coniugio,
565 2214 694 2264 neutrum
719 2202 870 2263 tamenab
892 2207 1004 2264 homine
1029 2209 1123 2265 deter-

212 2294 317 2350 minate
343 2294 476 2366 exigitur;
503 2295 553 2350 sed
571 2300 599 2350 et
623 2293 671 2365 qui
691 2293 819 2365 coniugio
837 2293 879 2348 uti
897 2301 924 2350 et
942 2295 990 2366 qui
1007 2294 1121 2366 virgini·

211 2385 298 2436 tatem
323 2397 433 2437 servare
453 2381 573 2452 mavult,
599 2381 673 2452 quod
697 2380 766 2435 facit
783 2381 884 2436 debere
901 2379 993 2435 facere
1011 2380 1121 2436 dieitur.

163 2464 194 2516 12
212 2463 300 2522 Nemo
324 2467 397 2522 enim
422 2465 611 2539 virginitatem
632 2466 690 2522 sive
714 2465 876 2538 coniugium
893 2465 961 2520 dicit
979 2464 1046 2538 eligi
1063 2482 1120 2520 non

213 2544 396 2620 deberess'sed
413 2549 539 2621 dicimus,
557 2550 623 2622 quia
642 2551 717 2622 quod
736 2552 843 2606 mavult
859 2551 950 2621 homo,
969 2557 1120 2623 antequam

212 2633 318 2704 aliquid
335 2635 434 2693 horum
456 2641 575 2706 statuat,
601 2635 655 2691 hoe
679 2637 763 2692 debet
781 2637 891 2707 facere3
920 2642 948 2692 et
966 2636 990 2692 si
1007 2636 1121 2708 virgini-

211 2723 299 2774 tatem
325 2726 431 2790 servat,
458 2739 509 2792 pro
535 2727 686 2792 spontaneo
714 2739 827 2778 munere
854 2723 930 2794 quod
955 2721 1037 2777 offert
1059 2721 1122 2776 Deo

163 2805 195 2857 13
211 2803 364 2875 praemium
394 2813 530 2877 expectat
579 2807 649 2863 Cum
682 2824 749 2880 ergo
782 2813 937 2863 ereatmam
963 2805 1032 2862 dicis
1059 2805 1122 2861 Deo

214 2888 316 2965 debere
335 2889 410 2960 quod
426 2890 525 2946 melius
550 2893 602 2948 seit
625 2881 653 2949 et
676 2899 782 2963 potest,
807 2893 831 2947 si
857 2891 991 2962 intelligis
1016 2907 1049 2944 ex
1074 2890 1123 2963 def

212 2974 272 3030 bite
292 2980 321 3031 et
337 2989 394 3030 non
411 2975 554 3048 subaudis,
572 2977 596 3033 si
612 2977 690 3034 Deus
706 2978 796 3048 iubet,
815 2995 871 3033 non
890 2983 932 3032 est
948 2993 1057 3048 semper
1075 2991 1121 3030 ve·
1166 2997 1167 3000 ¹

212 3077 282 3116 rum.
317 3059 473 3132 Siquidem,
497 3066 530 3116 ut
554 3061 626 3132 dixi,
651 3080 707 3118 non
731 3063 815 3120 debet
832 3063 914 3118 homo
933 3061 1121 3134 virginitatem

162 3147 196 3200 14
214 3163 247 3202 ex
265 3144 368 3216 debito,
392 3145 441 3201 sed
462 3146 486 3202 si
505 3147 626 3218 mavult,
650 3148 735 3205 debet
758 3148 802 3204 uti
825 3148 962 3220 coniugio.
998 3145 1080 3211 Quod
1096 3144 1121 3199 si

212 3235 241 3288 te
260 3237 352 3287 movet
368 3231 485 3288 verbum
507 3233 582 3305 quod
609 3238 651 3289 est
674 3233 790 3302 debere,
814 3250 865 3288 nee
890 3239 970 3305 potes
992 3230 1063 3286 illud
1080 3229 1121 3285 in·

211 3316 338 3389 telligere
358 3316 418 3374 siue
441 3317 536 3390 aliquo
562 3317 672 3389 debito,
695 3317 778 3387 seito,
806 3317 872 3389 quia
889 3317 963 3374 sieut
984 3314 1122 3386 contingit
