2616 3826
409 295 489 356 OUR
505 296 607 356 DEUS
622 296 743 358 HOMO.
776 296 815 358 Π.
835 305 858 356 7.
880 303 903 356 8.
1064 296 1109 366 59

132 461 135 466 ’
197 483 311 525 neeesse
333 475 387 538 eet,
411 474 445 524 ut
470 468 509 527 de
533 467 627 524 Adnm
652 474 809 526 assumatur
829 468 925 540 homo,
948 485 1001 541 per
1025 485 1109 541 quem

199 557 369 611 restauretur
390 573 479 626 genus
504 553 592 610 Adue.
643 557 709 608 Bor.
743 553 774 611 Si
799 555 936 612 rationem
958 554 1108 628 sequimur,

199 639 271 697 siout
287 639 490 710 proposuimus,
518 640 571 698 hoe
589 639 786 698 inevitabiliter
803 645 913 711 oportet
933 657 1000 697 esse.
1036 641 1108 700 Ans.
1127 643 1159 694 10

199 723 402 796 Investigemus
425 744 512 795 nuno,
534 732 628 784 utrum
650 725 817 783 mrumendo
841 726 879 782 sit
895 743 913 782 s
929 727 991 784 Deo
1008 732 1111 782 nutura

199 809 317 866 hominis
340 811 376 870 de
399 818 479 884 putre
497 811 576 868 etde
594 817 697 880 mame,
722 811 794 868 siout
813 811 862 868 elii
886 817 952 868 suut
976 811 1110 882 homines,

198 903 249 952 eut
268 897 380 954 devino
399 897 592 969 sineiemine,
616 903 666 954 sut
684 895 839 960 desemine
854 897 915 954 sine
932 897 1001 954 viro.
1035 897 1111 956 uam
1128 902 1158 954 11

199 999 367 1056 quoeunque
389 985 473 1042 modo
496 1001 530 1042 ex
551 984 595 1040 his
618 985 709 1040 tribus
737 983 827 1038 modis
845 983 892 1051 eit,
915 983 952 1040 de
970 983 1064 1038 Adam
1081 988 1111 1038 et

200 1065 236 1122 de
253 1067 314 1122 Eue
332 1069 391 1140 erit,
411 1069 447 1127 de
468 1069 570 1141 quibus
588 1077 631 1128 est
649 1069 738 1126 omnis
755 1070 838 1126 homo
854 1069 999 1142 utriusque
1018 1085 1110 1139 sexus,

198 1169 252 1208 use
268 1153 370 1226 uliquis
388 1157 487 1212 modus
512 1173 546 1212 ex
568 1156 658 1212 tribus
681 1155 725 1211 his
750 1155 860 1211 facilior
885 1160 929 1210 est
946 1153 1008 1210 Deo
1024 1171 1110 1226 quum

199 1237 261 1308 ulii,
292 1245 325 1295 ut
355 1258 389 1298 eo
419 1243 502 1299 modo
531 1243 625 1313 potius
648 1241 750 1298 debeat
777 1239 889 1304 assumi.
929 1241 998 1296 Bos.
1032 1241 1112 1297 Bene

198 1324 336 1393 prosodia.
370 1327 442 1387 Aue.
477 1329 582 1385 Verum
605 1346 662 1384 non
686 1332 729 1382 est
751 1343 821 1398 opus
838 1326 927 1382 multo
943 1326 1055 1397 labore,
1077 1327 1161 1382 ut12

199 1411 370 1482 ostendatur,
388 1413 455 1486 quie
472 1413 603 1470 mundius
622 1418 651 1468 et
668 1413 811 1472 honestius
821 1411 1014 1485 procreabitur
1026 1412 1111 1466 homo

198 1493 246 1552 ille
272 1497 308 1554 de
338 1499 397 1556 solo
428 1499 487 1555 viro
516 1499 561 1554 vel
592 1497 696 1554 femine
726 1517 810 1572 qutun
848 1500 887 1566 de
916 1497 1111 1554 commixtione

199 1579 361 1652 utriusque,
386 1583 459 1641 sieut
474 1602 569 1640 omnes
586 1585 635 1640 elii
650 1584 701 1638 filii
720 1584 868 1640 hominum
902 1586 972 1640 Bor.
990 1581 1109 1640 Sufficit.

200 1665 270 1720 Asse.
304 1666 365 1723 Aut
389 1685 457 1740 ergo
482 1670 599 1725 desolo
623 1670 683 1724 viro
706 1673 756 1723 eut
779 1669 815 1724 de
836 1669 896 1722 sole
913 1669 1018 1724 femina
1033 1673 1162 1726 essu-13

199 1750 316 1810 mendus
336 1759 384 1807 eet
419 1755 489 1809 Bor.
523 1754 647 1810 Aliunde
670 1768 727 1809 non
743 1757 844 1823 potest.
879 1754 950 1808 Aur.
985 1752 1111 1820 antuor
1130 1759 1163 1812 14

201 1836 291 1891 modis
318 1844 412 1908 potest
427 1838 505 1894 Deus
535 1838 627 1895 smero
657 1837 812 1905 hominem
839 1836 969 1894 videlieet
998 1845 1049 1894 aut
1075 1839 1111 1896 de

200 1919 260 1986 siro
286 1926 314 1978 et
337 1923 373 1980 de
395 1923 513 1995 femina,
543 1923 616 1980 siout
641 1923 769 1980 assiduus
794 1941 861 1980 usus
885 1929 1036 1996 monstret,
1062 1931 1112 1981 sut

200 2023 253 2064 neo
272 2008 307 2066 de
333 2009 466 2066 virores
492 2009 528 2064 de
552 2008 671 2080 femine,
698 2009 771 2066 siout
796 2009 901 2066 crearit
924 2009 1033 2075 Adum3
1061 2015 1112 2065 eut

201 2095 238 2158 de
259 2094 320 2151 viro
344 2095 404 2153 sine
431 2092 549 2165 femine,
575 2095 649 2152 siout
672 2096 741 2152 feeit
756 2097 859 2166 Evem3
890 2101 940 2154 eut
956 2096 992 2152 de
1008 2094 1113 2152 femine

201 2181 260 2237 sine
282 2181 356 2251 viro,
379 2179 455 2256 quod
480 2181 604 2237 nondum
626 2181 700 2238 feeit
736 2183 778 2240 Ut
799 2182 886 2254 igitur
907 2181 982 2238 huns
1000 2199 1112 2255 quoque
1130 2175 1162 2228 15

203 2267 315 2324 modum
336 2268 437 2339 probet
456 2284 524 2324 suso
541 2267 685 2324 subiecere
702 2269 836 2340 potestati
853 2274 881 2324 et
898 2268 935 2322 ed
947 2267 1002 2322 hoo
1018 2267 1112 2338 ipsum

203 2366 272 2421 opus
291 2353 409 2408 dilatum
433 2369 509 2420 esse,
535 2352 605 2408 nihil
631 2354 841 2413 convenientius
864 2369 948 2424 quam
967 2358 1000 2408 ut
1016 2351 1052 2407 de
1071 2349 1111 2406 fe-

204 2434 280 2490 mine
296 2437 357 2492 sine
383 2437 443 2494 viro
467 2444 591 2495 assumet
614 2437 693 2492 illum
715 2439 868 2508 hominem,
894 2453 977 2509 quem
1003 2437 1112 2508 quaeri·

203 2537 273 2582 mus.
316 2522 418 2591 Utrum
444 2529 538 2580 eutem
565 2523 599 2578 de
626 2522 744 2595 Virgine
772 2529 822 2580 rut
850 2523 886 2577 de
911 2537 968 2576 non
993 2521 1112 2593 Virgine
1131 2521 1162 2572 16

205 2605 317 2676 dignius
334 2606 387 2664 hoo
402 2608 466 2679 fiet,
485 2625 542 2665 nou
560 2613 602 2664 est
619 2624 689 2678 opus
708 2607 857 2678 disputare,
883 2606 933 2664 sed
959 2607 1019 2662 sine
1037 2607 1113 2664 omni

206 2691 379 2750 dubitatione
403 2694 582 2752 asserendum
608 2698 663 2764 est,
691 2692 758 2764 quis
785 2694 820 2749 de
846 2693 964 2766 Virgine
972 2691 993 2765 ¹)
1019 2692 1112 2749 Deum

204 2775 343 2833 hominem
365 2779 444 2851 nesci
468 2783 584 2852 oportet
620 2780 688 2834 Bos.
724 2778 883 2838 Secundum
898 2778 1034 2850 placitum
1052 2795 1112 2835 sor·

205 2862 250 2917 dis
273 2862 328 2918 mei
352 2857 483 2934 loqueris.
519 2864 588 2917 Ans.
623 2863 711 2922 Estne
736 2865 854 2921 solidum
878 2863 933 2919 hoe
950 2865 1025 2936 quod
1043 2863 1111 2918 dixi-
1130 2862 1162 2914 17

205 2966 275 3019 mus,
293 2953 343 3004 eut
361 2965 464 3004 venum
477 2948 585 3021 aliquid
596 2947 669 3003 siout
685 2947 784 3019 nubes,
803 2949 879 3022 quod
891 2948 985 3005 dixisti
993 2951 1015 3017 ¹)
1028 2948 1111 3004 nobis

202 3033 332 3093 infideles
361 3033 500 3092 obiicere?
548 3037 616 3090 Bos.
651 3033 729 3090 Nihil
754 3035 877 3090 solidius.
919 3040 987 3090 Aoo.
1021 3033 1112 3106 Pinge
1131 3034 1163 3087 18

203 3119 291 3194 igitur
322 3135 379 3173 non
411 3137 494 3190 super
521 3119 616 3176 fiotum
640 3119 792 3176 venitatem
821 3122 871 3178 ssd
894 3135 978 3190 super
994 3117 1113 3174 solidam

274 3291 300 3362 1)
321 3288 378 3347 (lfr.
395 3289 470 3346 inire
484 3307 508 3346 e.
529 3296 561 3348 lt
577 3308 603 3348 s.

272 3365 300 3427 2>
319 3359 376 3416 ct.
393 3359 456 3416 Lib.
476 3359 499 3415 L
516 3377 540 3415 o.
558 3366 583 3417 4.
